DCN,SEQNUM,FORMTYPE,PERSONID,OWNER,TICKER,ACQDISP,TRANDATE,TPRICE,SHARES,SHARESHELD,SECDATE,TPRICE_AR,TRANDATE_AR,OPTIONSELL,SHARES_ADJ,TPRICE_ADJ
00530651,1,4,13116177,I G INVESTMENT MANAGEMENT LTD,VAR,A,20000112,29.87,8900.0000,123050.0000,20000210,29.87,20000112,,35600.0000,7.4675
00530651,2,4,13116177,I G INVESTMENT MANAGEMENT LTD,VAR,A,20000112,29.87,1800.0000,123050.0000,20000210,29.87,20000112,,7200.0000,7.4675
00530651,3,4,13116177,I G INVESTMENT MANAGEMENT LTD,VAR,A,20000112,29.87,1800.0000,123050.0000,20000210,29.87,20000112,,7200.0000,7.4675
00530651,4,4,13116177,I G INVESTMENT MANAGEMENT LTD,VAR,A,20000113,29.46,12000.0000,123050.0000,20000210,29.46,20000113,,48000.0000,7.3650
00530651,5,4,13116177,I G INVESTMENT MANAGEMENT LTD,VAR,A,20000113,29.46,2600.0000,123050.0000,20000210,29.46,20000113,,10400.0000,7.3650
00530651,6,4,13116177,I G INVESTMENT MANAGEMENT LTD,VAR,A,20000113,29.46,2600.0000,123050.0000,20000210,29.46,20000113,,10400.0000,7.3650
00530651,7,4,13116177,I G INVESTMENT MANAGEMENT LTD,VAR,A,20000114,31.30,2000.0000,123050.0000,20000210,31.30,20000114,,8000.0000,7.8250
00530651,8,4,13116177,I G INVESTMENT MANAGEMENT LTD,VAR,A,20000118,32.06,9600.0000,123050.0000,20000210,32.06,20000118,,38400.0000,8.0150
00530651,9,4,13116177,I G INVESTMENT MANAGEMENT LTD,VAR,A,20000118,32.06,3200.0000,123050.0000,20000210,32.06,20000118,,12800.0000,8.0150
00530651,10,4,13116177,I G INVESTMENT MANAGEMENT LTD,VAR,A,20000118,32.06,6400.0000,123050.0000,20000210,32.06,20000118,,25600.0000,8.0150
00530651,11,4,13116177,I G INVESTMENT MANAGEMENT LTD,VAR,A,20000119,32.64,10050.0000,123050.0000,20000210,32.64,20000119,,40200.0000,8.1600
00530651,12,4,13116177,I G INVESTMENT MANAGEMENT LTD,VAR,A,20000119,32.64,10050.0000,123050.0000,20000210,32.64,20000119,,40200.0000,8.1600
00530651,13,4,13116177,I G INVESTMENT MANAGEMENT LTD,VAR,A,20000119,32.64,2000.0000,123050.0000,20000210,32.64,20000119,,8000.0000,8.1600
00530651,14,4,13116177,I G INVESTMENT MANAGEMENT LTD,VAR,A,20000120,32.70,15000.0000,123050.0000,20000210,32.70,20000120,,60000.0000,8.1750
00530651,15,4,13116177,I G INVESTMENT MANAGEMENT LTD,VAR,A,20000120,32.70,5000.0000,123050.0000,20000210,32.70,20000120,,20000.0000,8.1750
00530651,16,4,13116177,I G INVESTMENT MANAGEMENT LTD,VAR,A,20000120,32.70,5000.0000,123050.0000,20000210,32.70,20000120,,20000.0000,8.1750
00530651,17,4,13116177,I G INVESTMENT MANAGEMENT LTD,VAR,A,20000121,33.29,4000.0000,123050.0000,20000210,33.29,20000121,,16000.0000,8.3225
00530651,18,4,13116177,I G INVESTMENT MANAGEMENT LTD,VAR,A,20000121,33.29,3000.0000,123050.0000,20000210,33.29,20000121,,12000.0000,8.3225
00530651,19,4,13116177,I G INVESTMENT MANAGEMENT LTD,VAR,A,20000121,33.29,3000.0000,123050.0000,20000210,33.29,20000121,,12000.0000,8.3225
00530651,20,4,13116177,I G INVESTMENT MANAGEMENT LTD,VAR,A,20000124,33.50,10000.0000,123050.0000,20000210,33.50,20000124,,40000.0000,8.3750
00530651,21,4,13116177,I G INVESTMENT MANAGEMENT LTD,VAR,A,20000124,33.50,3000.0000,123050.0000,20000210,33.50,20000124,,12000.0000,8.3750
00530651,22,4,13116177,I G INVESTMENT MANAGEMENT LTD,VAR,A,20000124,33.50,7000.0000,123050.0000,20000210,33.50,20000124,,28000.0000,8.3750
00530651,23,4,13116177,I G INVESTMENT MANAGEMENT LTD,VAR,A,20000126,32.31,4800.0000,123050.0000,20000210,32.31,20000126,,19200.0000,8.0775
00530651,24,4,13116177,I G INVESTMENT MANAGEMENT LTD,VAR,A,20000126,32.31,5000.0000,123050.0000,20000210,32.31,20000126,,20000.0000,8.0775
00530651,25,4,13116177,I G INVESTMENT MANAGEMENT LTD,VAR,A,20000126,32.31,5000.0000,123050.0000,20000210,32.31,20000126,,20000.0000,8.0775
00530651,26,4,13116177,I G INVESTMENT MANAGEMENT LTD,VAR,A,20000127,36.00,2000.0000,123050.0000,20000210,36.00,20000127,,8000.0000,9.0000
00530651,27,4,13116177,I G INVESTMENT MANAGEMENT LTD,VAR,A,20000127,36.00,1100.0000,123050.0000,20000210,36.00,20000127,,4400.0000,9.0000
00530651,28,4,13116177,I G INVESTMENT MANAGEMENT LTD,VAR,A,20000127,36.00,1000.0000,123050.0000,20000210,36.00,20000127,,4000.0000,9.0000
00566287,1,4,13116177,I G INVESTMENT MANAGEMENT LTD,VAR,A,20000204,40.46,3000.0000,,20000310,40.46,20000204,,12000.0000,10.1150
00566287,2,4,13116177,I G INVESTMENT MANAGEMENT LTD,VAR,A,20000214,40.31,2600.0000,,20000310,40.31,20000214,,10400.0000,10.0775
00566287,3,4,13116177,I G INVESTMENT MANAGEMENT LTD,VAR,A,20000214,40.31,2500.0000,,20000310,40.31,20000214,,10000.0000,10.0775
00566287,4,4,13116177,I G INVESTMENT MANAGEMENT LTD,VAR,A,20000214,40.31,2500.0000,,20000310,40.31,20000214,,10000.0000,10.0775
00566287,5,4,13116177,I G INVESTMENT MANAGEMENT LTD,VAR,A,20000216,41.48,4000.0000,,20000310,41.48,20000216,,16000.0000,10.3700
00566287,6,4,13116177,I G INVESTMENT MANAGEMENT LTD,VAR,A,20000216,41.48,2000.0000,,20000310,41.48,20000216,,8000.0000,10.3700
00566287,7,4,13116177,I G INVESTMENT MANAGEMENT LTD,VAR,A,20000216,41.48,4000.0000,,20000310,41.48,20000216,,16000.0000,10.3700
00566287,8,4,13116177,I G INVESTMENT MANAGEMENT LTD,VAR,A,20000217,42.04,4150.0000,,20000310,42.04,20000217,,16600.0000,10.5100
00566287,9,4,13116177,I G INVESTMENT MANAGEMENT LTD,VAR,A,20000217,42.04,4100.0000,,20000310,42.04,20000217,,16400.0000,10.5100
00566287,10,4,13116177,I G INVESTMENT MANAGEMENT LTD,VAR,A,20000217,42.04,4150.0000,,20000310,42.04,20000217,,16600.0000,10.5100
031013562,1,4,6113,GUERTIN TIMOTHY E,VAR,A,20031117,9.16,6400.0000,,20031119,9.16,20031117,,12800.0000,4.5800
031013562,2,4,6113,GUERTIN TIMOTHY E,VAR,D,20031117,66.84,6400.0000,,20031119,66.84,20031117,A,12800.0000,33.4200
031013562,3,4,6113,GUERTIN TIMOTHY E,VAR,A,20031117,13.32,9940.0000,,20031119,13.32,20031117,,19880.0000,6.6600
031013562,4,4,6113,GUERTIN TIMOTHY E,VAR,D,20031117,66.84,9940.0000,21646.0000,20031119,66.84,20031117,A,19880.0000,33.4200
031015500,1,4,14016189,FINNEY ELISHA W,VAR,A,20031118,27.91,15000.0000,,20031120,27.91,20031118,,30000.0000,13.9550
031015500,2,4,14016189,FINNEY ELISHA W,VAR,D,20031118,66.99,15000.0000,12868.0000,20031120,66.99,20031118,A,30000.0000,33.4950
031021623,1,4,12319,PHAIR JOSEPH B,VAR,A,20031120,11.03,5000.0000,,20031124,11.03,20031120,,10000.0000,5.5150
031021623,2,4,12319,PHAIR JOSEPH B,VAR,D,20031120,67.00,5000.0000,,20031124,67.00,20031120,A,10000.0000,33.5000
031021623,3,4,12319,PHAIR JOSEPH B,VAR,A,20031124,11.03,5000.0000,,20031124,11.03,20031124,,10000.0000,5.5150
031021623,4,4,12319,PHAIR JOSEPH B,VAR,D,20031124,67.25,5000.0000,,20031124,67.25,20031124,A,10000.0000,33.6250
031021623,5,4,12319,PHAIR JOSEPH B,VAR,A,20031124,11.03,5000.0000,,20031124,11.03,20031124,,10000.0000,5.5150
031021623,6,4,12319,PHAIR JOSEPH B,VAR,D,20031124,67.50,5000.0000,45645.0000,20031124,67.50,20031124,A,10000.0000,33.7500
031021623,7,4,12319,PHAIR JOSEPH B,VAR,,20031124,,,1230.0000,20031124,,20031124,,,
031021623,8,4,12319,PHAIR JOSEPH B,VAR,,20031124,,,2920.0000,20031124,,20031124,,,
031027615,1,4,12319,PHAIR JOSEPH B,VAR,A,20031125,11.03,5000.0000,,20031126,11.03,20031125,,10000.0000,5.5150
031027615,2,4,12319,PHAIR JOSEPH B,VAR,D,20031125,68.00,5000.0000,45645.0000,20031126,68.00,20031125,A,10000.0000,34.0000
031027615,3,4,12319,PHAIR JOSEPH B,VAR,,20031126,,,1230.0000,20031126,,20031126,,,
031027615,4,4,12319,PHAIR JOSEPH B,VAR,,20031126,,,2920.0000,20031126,,20031126,,,
031033799,1,4,12319,PHAIR JOSEPH B,VAR,A,20031201,11.03,5000.0000,,20031202,11.03,20031201,,10000.0000,5.5150
031033799,2,4,12319,PHAIR JOSEPH B,VAR,D,20031201,70.00,5000.0000,45645.0000,20031202,70.00,20031201,A,10000.0000,35.0000
031033799,3,4,12319,PHAIR JOSEPH B,VAR,,20031202,,,1230.0000,20031202,,20031202,,,
031033799,4,4,12319,PHAIR JOSEPH B,VAR,,20031202,,,2920.0000,20031202,,20031202,,,
03599254,1,4,1799,BROWN JOHN SEELY PH.D.,VAR,A,20030310,20.53,10000.0000,,20030311,20.53,20030310,,20000.0000,10.2650
03599254,2,4,1799,BROWN JOHN SEELY PH.D.,VAR,D,20030310,50.16,10000.0000,,20030311,50.16,20030310,A,20000.0000,25.0800
03599254,3,4,1799,BROWN JOHN SEELY PH.D.,VAR,A,20030310,22.03,5448.0000,,20030311,22.03,20030310,,10896.0000,11.0150
03599254,4,4,1799,BROWN JOHN SEELY PH.D.,VAR,D,20030310,50.16,5445.0000,400.0000,20030311,50.16,20030310,A,10890.0000,25.0800
03670456,1,4,14016189,FINNEY ELISHA W,VAR,A,20030428,9.16,11000.0000,,20030430,9.16,20030428,,22000.0000,4.5800
03670456,2,4,14016189,FINNEY ELISHA W,VAR,D,20030428,54.25,11000.0000,,20030430,54.25,20030428,A,22000.0000,27.1250
03670456,3,4,14016189,FINNEY ELISHA W,VAR,A,20030428,27.91,9000.0000,,20030430,27.91,20030428,,18000.0000,13.9550
03670456,4,4,14016189,FINNEY ELISHA W,VAR,D,20030428,54.25,9000.0000,12695.0000,20030430,54.25,20030428,A,18000.0000,27.1250
03678013,1,4,6113,GUERTIN TIMOTHY E,VAR,A,20030430,9.16,20000.0000,,20030502,9.16,20030430,,40000.0000,4.5800
03678013,2,4,6113,GUERTIN TIMOTHY E,VAR,D,20030430,53.64,20000.0000,21552.0000,20030502,53.64,20030430,A,40000.0000,26.8200
03680693,1,4,12200183,LEVY RICHARD M,VAR,A,20030501,9.16,28000.0000,,20030505,9.16,20030501,,56000.0000,4.5800
03680693,2,4,12200183,LEVY RICHARD M,VAR,D,20030501,53.34,28000.0000,581.0000,20030505,53.34,20030501,A,56000.0000,26.6700
03680693,3,4,12200183,LEVY RICHARD M,VAR,,20030502,,,167805.0000,20030505,,20030502,,,
03684776,1,4,12200183,LEVY RICHARD M,VAR,A,20030502,9.16,32000.0000,,20030506,9.16,20030502,,64000.0000,4.5800
03684776,2,4,12200183,LEVY RICHARD M,VAR,D,20030502,53.27,32000.0000,581.0000,20030506,53.27,20030502,A,64000.0000,26.6350
03687595,1,4,6756,HELLMAN SAMUEL,VAR,A,20030506,11.00,5000.0000,,20030508,11.00,20030506,,10000.0000,5.5000
03687595,2,4,6756,HELLMAN SAMUEL,VAR,D,20030506,53.10,5000.0000,2000.0000,20030508,53.10,20030506,A,10000.0000,26.5500
03703958,1,4,15008750,KLUGE ROBERT H,VAR,A,20030513,27.91,20000.0000,,20030515,27.91,20030513,,40000.0000,13.9550
03703958,2,4,15008750,KLUGE ROBERT H,VAR,D,20030513,53.84,20000.0000,17107.0000,20030515,53.84,20030513,A,40000.0000,26.9200
03714884,1,4,8952,LAUTENBACH TERRY R,VAR,A,20030519,5.63,2914.0000,,20030521,5.63,20030519,,5828.0000,2.8150
03714884,2,4,8952,LAUTENBACH TERRY R,VAR,D,20030519,51.30,2914.0000,,20030521,51.30,20030519,A,5828.0000,25.6500
03714884,3,4,8952,LAUTENBACH TERRY R,VAR,A,20030519,7.76,2914.0000,,20030521,7.76,20030519,,5828.0000,3.8800
03714884,4,4,8952,LAUTENBACH TERRY R,VAR,D,20030519,51.30,2914.0000,,20030521,51.30,20030519,A,5828.0000,25.6500
03714884,5,4,8952,LAUTENBACH TERRY R,VAR,A,20030519,8.27,2914.0000,,20030521,8.27,20030519,,5828.0000,4.1350
03714884,6,4,8952,LAUTENBACH TERRY R,VAR,D,20030519,51.30,2914.0000,,20030521,51.30,20030519,A,5828.0000,25.6500
03714884,7,4,8952,LAUTENBACH TERRY R,VAR,A,20030519,8.88,20000.0000,,20030521,8.88,20030519,,40000.0000,4.4400
03714884,8,4,8952,LAUTENBACH TERRY R,VAR,D,20030519,51.30,20000.0000,,20030521,51.30,20030519,A,40000.0000,25.6500
03714884,9,4,8952,LAUTENBACH TERRY R,VAR,A,20030519,9.16,6554.0000,,20030521,9.16,20030519,,13108.0000,4.5800
03714884,10,4,8952,LAUTENBACH TERRY R,VAR,D,20030519,51.30,6554.0000,,20030521,51.30,20030519,A,13108.0000,25.6500
03714884,11,4,8952,LAUTENBACH TERRY R,VAR,A,20030519,10.91,2914.0000,,20030521,10.91,20030519,,5828.0000,5.4550
03714884,12,4,8952,LAUTENBACH TERRY R,VAR,D,20030519,51.30,2914.0000,,20030521,51.30,20030519,A,5828.0000,25.6500
03714884,13,4,8952,LAUTENBACH TERRY R,VAR,A,20030519,11.00,10910.0000,,20030521,11.00,20030519,,21820.0000,5.5000
03714884,14,4,8952,LAUTENBACH TERRY R,VAR,D,20030519,51.30,10910.0000,,20030521,51.30,20030519,A,21820.0000,25.6500
03714884,15,4,8952,LAUTENBACH TERRY R,VAR,A,20030519,11.94,2914.0000,,20030521,11.94,20030519,,5828.0000,5.9700
03714884,16,4,8952,LAUTENBACH TERRY R,VAR,D,20030519,51.30,2914.0000,10530.0000,20030521,51.30,20030519,A,5828.0000,25.6500
03715234,1,4,8952,LAUTENBACH TERRY R,VAR,A,20030519,13.73,2914.0000,,20030522,13.73,20030519,,5828.0000,6.8650
03720616,1,4,16004552,RAIMUNDO CRISANTO C,VAR,A,20030523,20.58,10000.0000,,20030528,20.58,20030523,,20000.0000,10.2900
03720616,2,4,16004552,RAIMUNDO CRISANTO C,VAR,D,20030523,54.04,10000.0000,1259.0000,20030528,54.04,20030523,A,20000.0000,27.0200
03720616,3,4,16004552,RAIMUNDO CRISANTO C,VAR,,20030527,,,3672.0000,20030528,,20030527,,,
03729001,1,4,12319,PHAIR JOSEPH B,VAR,A,20030530,13.32,26198.0000,,20030603,13.32,20030530,,52396.0000,6.6600
03729001,2,4,12319,PHAIR JOSEPH B,VAR,D,20030530,55.00,26198.0000,45490.0000,20030603,55.00,20030530,A,52396.0000,27.5000
03742776,1,4,12319,PHAIR JOSEPH B,VAR,D,20030612,57.54,600.0000,1230.0000,20030613,57.54,20030612,N,1200.0000,28.7700
03742776,2,4,12319,PHAIR JOSEPH B,VAR,D,20030612,57.56,600.0000,2920.0000,20030613,57.56,20030612,N,1200.0000,28.7800
03742776,3,4,12319,PHAIR JOSEPH B,VAR,,20030612,,,45490.0000,20030613,,20030612,,,
03813891,1,4,6113,GUERTIN TIMOTHY E,VAR,A,20030730,13.32,15000.0000,,20030731,13.32,20030730,,30000.0000,6.6600
03813891,2,4,6113,GUERTIN TIMOTHY E,VAR,D,20030730,61.71,15000.0000,21552.0000,20030731,61.71,20030730,A,30000.0000,30.8550
03822055,1,4,12319,PHAIR JOSEPH B,VAR,A,20030801,11.03,5000.0000,,20030804,11.03,20030801,,10000.0000,5.5150
03822055,2,4,12319,PHAIR JOSEPH B,VAR,D,20030801,61.52,5000.0000,45490.0000,20030804,61.52,20030801,A,10000.0000,30.7600
03822055,3,4,12319,PHAIR JOSEPH B,VAR,,20030804,,,1230.0000,20030804,,20030804,,,
03822055,4,4,12319,PHAIR JOSEPH B,VAR,,20030804,,,2920.0000,20030804,,20030804,,,
03829681,1,4,14016189,FINNEY ELISHA W,VAR,A,20030806,27.91,20000.0000,,20030807,27.91,20030806,,40000.0000,13.9550
03829681,2,4,14016189,FINNEY ELISHA W,VAR,D,20030806,60.52,20000.0000,12695.0000,20030807,60.52,20030806,A,40000.0000,30.2600
03829780,1,4,12200183,LEVY RICHARD M,VAR,A,20030805,9.16,60000.0000,,20030807,9.16,20030805,,120000.0000,4.5800
03829780,2,4,12200183,LEVY RICHARD M,VAR,D,20030805,60.50,60000.0000,581.0000,20030807,60.50,20030805,A,120000.0000,30.2500
03829780,3,4,12200183,LEVY RICHARD M,VAR,D,20030807,,581.0000,,20030807,,20030807,,1162.0000,
03829780,4,4,12200183,LEVY RICHARD M,VAR,A,20030807,,581.0000,168386.0000,20030807,,20030807,,1162.0000,
03851542,1,4,12319,PHAIR JOSEPH B,VAR,A,20030814,11.03,5000.0000,,20030815,11.03,20030814,,10000.0000,5.5150
03851542,2,4,12319,PHAIR JOSEPH B,VAR,D,20030814,57.30,5000.0000,45490.0000,20030815,57.30,20030814,A,10000.0000,28.6500
03851542,3,4,12319,PHAIR JOSEPH B,VAR,,20030815,,,1230.0000,20030815,,20030815,,,
03851542,4,4,12319,PHAIR JOSEPH B,VAR,,20030815,,,2920.0000,20030815,,20030815,,,
03851544,1,4,16004552,RAIMUNDO CRISANTO C,VAR,A,20030814,20.58,10000.0000,,20030815,20.58,20030814,,20000.0000,10.2900
03851544,2,4,16004552,RAIMUNDO CRISANTO C,VAR,D,20030814,57.29,10000.0000,1259.0000,20030815,57.29,20030814,A,20000.0000,28.6450
03851544,3,4,16004552,RAIMUNDO CRISANTO C,VAR,,20030815,,,3672.0000,20030815,,20030815,,,
03858939,1,4,12319,PHAIR JOSEPH B,VAR,A,20030819,11.03,5000.0000,,20030820,11.03,20030819,,10000.0000,5.5150
03858939,2,4,12319,PHAIR JOSEPH B,VAR,D,20030819,58.06,5000.0000,45490.0000,20030820,58.06,20030819,A,10000.0000,29.0300
03858939,3,4,12319,PHAIR JOSEPH B,VAR,,20030820,,,1230.0000,20030820,,20030820,,,
03858939,4,4,12319,PHAIR JOSEPH B,VAR,,20030820,,,2920.0000,20030820,,20030820,,,
03974217,1,4,6756,HELLMAN SAMUEL,VAR,A,20031031,11.00,5910.0000,,20031103,11.00,20031031,,11820.0000,5.5000
03974217,2,4,6756,HELLMAN SAMUEL,VAR,D,20031031,67.00,5910.0000,2000.0000,20031103,67.00,20031031,,11820.0000,33.5000
03978958,1,4,12200183,LEVY RICHARD M,VAR,A,20031103,9.16,60000.0000,,20031105,9.16,20031103,,120000.0000,4.5800
03978958,2,4,12200183,LEVY RICHARD M,VAR,A,20031103,65.59,60000.0000,,20031105,65.59,20031103,,120000.0000,32.7950
03978958,3,4,12200183,LEVY RICHARD M,VAR,,20031103,,,168386.0000,20031105,,20031103,,,
03981763,1,4,16004552,RAIMUNDO CRISANTO C,VAR,A,20031104,20.58,10000.0000,,20031106,20.58,20031104,,20000.0000,10.2900
03981763,2,4,16004552,RAIMUNDO CRISANTO C,VAR,D,20031104,66.32,10000.0000,1493.0000,20031106,66.32,20031104,A,20000.0000,33.1600
03981763,3,4,16004552,RAIMUNDO CRISANTO C,VAR,,20031106,,,3672.0000,20031106,,20031106,,,
041026529,1,4,12319,PHAIR JOSEPH B,VAR,A,20040909,5.52,10000.0000,,20040910,5.52,20040909,,10000.0000,5.5200
041026529,2,4,12319,PHAIR JOSEPH B,VAR,D,20040909,35.00,10000.0000,91174.0000,20040910,35.00,20040909,A,10000.0000,35.0000
041026529,3,4,12319,PHAIR JOSEPH B,VAR,,20040910,,,2460.0000,20040910,,20040910,,,
041026529,4,4,12319,PHAIR JOSEPH B,VAR,,20040910,,,5840.0000,20040910,,20040910,,,
041116059,1,4,6756,HELLMAN SAMUEL,VAR,A,20041101,19.90,10000.0000,,20041103,19.90,20041101,,10000.0000,19.9000
041116059,2,4,6756,HELLMAN SAMUEL,VAR,D,20041101,39.61,10000.0000,,20041103,39.61,20041101,A,10000.0000,39.6100
041116059,3,4,6756,HELLMAN SAMUEL,VAR,D,20041101,39.67,1100.0000,,20041103,39.67,20041101,N,1100.0000,39.6700
041116059,4,4,6756,HELLMAN SAMUEL,VAR,D,20041101,39.63,2900.0000,15740.0000,20041103,39.63,20041101,N,2900.0000,39.6300
041117719,1,4,14016189,FINNEY ELISHA W,VAR,A,20041101,13.95,40000.0000,,20041103,13.95,20041101,,40000.0000,13.9500
041117719,2,4,14016189,FINNEY ELISHA W,VAR,D,20041101,40.01,40000.0000,,20041103,40.01,20041101,A,40000.0000,40.0100
041117719,3,4,14016189,FINNEY ELISHA W,VAR,A,20041102,13.95,10000.0000,,20041103,13.95,20041102,,10000.0000,13.9500
041117719,4,4,14016189,FINNEY ELISHA W,VAR,D,20041102,40.10,10000.0000,26369.0000,20041103,40.10,20041102,A,10000.0000,40.1000
041117741,1,4,12200183,LEVY RICHARD M,VAR,A,20041102,4.58,180000.0000,,20041103,4.58,20041102,,180000.0000,4.5800
041117741,2,4,12200183,LEVY RICHARD M,VAR,D,20041102,39.44,180000.0000,1.0000,20041103,39.44,20041102,A,180000.0000,39.4400
041117741,3,4,12200183,LEVY RICHARD M,VAR,,20041103,,,337654.0000,20041103,,20041103,,,
041119098,1,4,12319,PHAIR JOSEPH B,VAR,A,20041102,5.52,50000.0000,,20041104,5.52,20041102,,50000.0000,5.5200
041119098,2,4,12319,PHAIR JOSEPH B,VAR,D,20041102,40.12,50000.0000,91390.0000,20041104,40.12,20041102,A,50000.0000,40.1200
041119098,3,4,12319,PHAIR JOSEPH B,VAR,,20041104,,,5840.0000,20041104,,20041104,,,
041119098,4,4,12319,PHAIR JOSEPH B,VAR,,20041104,,,2460.0000,20041104,,20041104,,,
041119107,1,4,16004552,RAIMUNDO CRISANTO C,VAR,A,20041102,13.95,20000.0000,,20041104,13.95,20041102,,20000.0000,13.9500
041119107,2,4,16004552,RAIMUNDO CRISANTO C,VAR,D,20041102,40.15,20000.0000,3792.0000,20041104,40.15,20041102,A,20000.0000,40.1500
041119107,3,4,16004552,RAIMUNDO CRISANTO C,VAR,,20041104,,,7344.0000,20041104,,20041104,,,
041130986,1,4,6113,GUERTIN TIMOTHY E,VAR,A,20041105,4.58,45000.0000,,20041109,4.58,20041105,,45000.0000,4.5800
041130986,2,4,6113,GUERTIN TIMOTHY E,VAR,D,20041105,39.85,45000.0000,43633.0000,20041109,39.85,20041105,A,45000.0000,39.8500
041146650,1,4,15008750,KLUGE ROBERT H,VAR,A,20041111,13.95,25000.0000,,20041115,13.95,20041111,,25000.0000,13.9500
041146650,2,4,15008750,KLUGE ROBERT H,VAR,D,20041111,41.00,25000.0000,35397.0000,20041115,41.00,20041111,A,25000.0000,41.0000
041206006,1,4,12319,PHAIR JOSEPH B,VAR,A,20041214,5.52,10000.0000,,20041215,5.52,20041214,,10000.0000,5.5200
041206006,2,4,12319,PHAIR JOSEPH B,VAR,D,20041214,43.40,10000.0000,91390.0000,20041215,43.40,20041214,A,10000.0000,43.4000
041206006,3,4,12319,PHAIR JOSEPH B,VAR,,20041215,,,5840.0000,20041215,,20041215,,,
041206006,4,4,12319,PHAIR JOSEPH B,VAR,,20041215,,,2460.0000,20041215,,20041215,,,
04504232,1,4,12319,PHAIR JOSEPH B,VAR,D,20031231,,367.0000,45278.0000,20040105,,20031231,,734.0000,
04504232,2,4,12319,PHAIR JOSEPH B,VAR,,20040105,,,1230.0000,20040105,,20040105,,,
04504232,3,4,12319,PHAIR JOSEPH B,VAR,,20040105,,,2920.0000,20040105,,20040105,,,
04568252,1,4,14016189,FINNEY ELISHA W,VAR,A,20040202,27.91,15000.0000,,20040204,27.91,20040202,,30000.0000,13.9550
04568252,2,4,14016189,FINNEY ELISHA W,VAR,D,20040202,83.15,15000.0000,12868.0000,20040204,83.15,20040202,A,30000.0000,41.5750
04568255,1,4,15008750,KLUGE ROBERT H,VAR,A,20040202,27.91,20000.0000,,20040204,27.91,20040202,,40000.0000,13.9550
04568255,2,4,15008750,KLUGE ROBERT H,VAR,D,20040202,83.12,20000.0000,17280.0000,20040204,83.12,20040202,A,40000.0000,41.5600
04568261,1,4,1799,BROWN JOHN SEELY PH.D.,VAR,A,20040202,32.50,10000.0000,,20040204,32.50,20040202,,20000.0000,16.2500
04568261,2,4,1799,BROWN JOHN SEELY PH.D.,VAR,D,20040202,83.18,10000.0000,400.0000,20040204,83.18,20040202,A,20000.0000,41.5900
04570554,1,4,12200183,LEVY RICHARD M,VAR,A,20040203,9.16,60000.0000,,20040205,9.16,20040203,,120000.0000,4.5800
04570554,2,4,12200183,LEVY RICHARD M,VAR,D,20040203,84.21,60000.0000,,20040205,84.21,20040203,A,120000.0000,42.1050
04570554,3,4,12200183,LEVY RICHARD M,VAR,,20040204,,,168386.0000,20040205,,20040204,,,
04570561,1,4,12549034,MARTIN DAVID WILLIAM JR,VAR,A,20040203,8.27,2914.0000,,20040205,8.27,20040203,,5828.0000,4.1350
04570561,2,4,12549034,MARTIN DAVID WILLIAM JR,VAR,D,20040203,170.30,2914.0000,,20040205,84.00,20040203,A,5828.0000,85.1500
04570561,3,4,12549034,MARTIN DAVID WILLIAM JR,VAR,A,20040203,11.94,2914.0000,,20040205,11.94,20040203,,5828.0000,5.9700
04570561,4,4,12549034,MARTIN DAVID WILLIAM JR,VAR,D,20040203,170.30,2914.0000,,20040205,84.00,20040203,A,5828.0000,85.1500
04570561,5,4,12549034,MARTIN DAVID WILLIAM JR,VAR,A,20040203,10.91,2914.0000,,20040205,10.91,20040203,,5828.0000,5.4550
04570561,6,4,12549034,MARTIN DAVID WILLIAM JR,VAR,D,20040203,170.30,2914.0000,,20040205,84.00,20040203,A,5828.0000,85.1500
04570561,7,4,12549034,MARTIN DAVID WILLIAM JR,VAR,A,20040203,13.73,2914.0000,,20040205,13.73,20040203,,5828.0000,6.8650
04570561,8,4,12549034,MARTIN DAVID WILLIAM JR,VAR,D,20040203,170.30,2914.0000,,20040205,84.00,20040203,A,5828.0000,85.1500
04570561,9,4,12549034,MARTIN DAVID WILLIAM JR,VAR,A,20040203,7.76,2914.0000,,20040205,7.76,20040203,,5828.0000,3.8800
04570561,10,4,12549034,MARTIN DAVID WILLIAM JR,VAR,D,20040203,170.30,2914.0000,,20040205,84.00,20040203,A,5828.0000,85.1500
04570561,11,4,12549034,MARTIN DAVID WILLIAM JR,VAR,A,20040203,8.88,20000.0000,,20040205,8.88,20040203,,40000.0000,4.4400
04570561,12,4,12549034,MARTIN DAVID WILLIAM JR,VAR,D,20040203,170.30,20000.0000,2020.0000,20040205,84.00,20040203,A,40000.0000,85.1500
04575650,1,4,12319,PHAIR JOSEPH B,VAR,A,20040204,11.03,10000.0000,,20040206,11.03,20040204,,20000.0000,5.5150
04575650,2,4,12319,PHAIR JOSEPH B,VAR,D,20040204,85.75,10000.0000,45278.0000,20040206,85.75,20040204,A,20000.0000,42.8750
04575650,3,4,12319,PHAIR JOSEPH B,VAR,,20040206,,,1230.0000,20040206,,20040206,,,
04575650,4,4,12319,PHAIR JOSEPH B,VAR,,20040206,,,2920.0000,20040206,,20040206,,,
04575652,1,4,16004552,RAIMUNDO CRISANTO C,VAR,A,20040204,27.91,10000.0000,,20040206,27.91,20040204,,20000.0000,13.9550
04575652,2,4,16004552,RAIMUNDO CRISANTO C,VAR,D,20040204,85.71,10000.0000,1493.0000,20040206,85.71,20040204,A,20000.0000,42.8550
04575652,3,4,16004552,RAIMUNDO CRISANTO C,VAR,,20040206,,,3672.0000,20040206,,20040206,,,
04575754,1,4,6113,GUERTIN TIMOTHY E,VAR,A,20040204,9.16,21000.0000,,20040206,9.16,20040204,,42000.0000,4.5800
04575754,2,4,6113,GUERTIN TIMOTHY E,VAR,D,20040204,85.91,21000.0000,21646.0000,20040206,85.91,20040204,A,42000.0000,42.9550
04583486,1,4,6756,HELLMAN SAMUEL,VAR,A,20040209,32.50,5000.0000,,20040210,32.50,20040209,,10000.0000,16.2500
04583486,2,4,6756,HELLMAN SAMUEL,VAR,D,20040209,82.26,5000.0000,2000.0000,20040210,82.26,20040209,A,10000.0000,41.1300
04632023,1,4,12218923,NAUMANN ETIENNE RUEDIGER,VAR,A,20040225,50.29,5000.0000,,20040226,50.29,20040225,,10000.0000,25.1450
04632023,2,4,12218923,NAUMANN ETIENNE RUEDIGER,VAR,D,20040225,83.03,3000.0000,2000.0000,20040226,83.03,20040225,A,6000.0000,41.5150
04653315,1,4,1799,BROWN JOHN SEELY PH.D.,VAR,A,20040303,31.02,3870.0000,,20040305,31.02,20040303,,7740.0000,15.5100
04653315,2,4,1799,BROWN JOHN SEELY PH.D.,VAR,D,20040303,84.29,2770.0000,1500.0000,20040305,84.29,20040303,A,5540.0000,42.1450
04653320,1,4,12319,PHAIR JOSEPH B,VAR,A,20040303,11.03,10000.0000,,20040305,11.03,20040303,,20000.0000,5.5150
04653320,2,4,12319,PHAIR JOSEPH B,VAR,D,20040303,85.50,10000.0000,45278.0000,20040305,85.50,20040303,A,20000.0000,42.7500
04653320,3,4,12319,PHAIR JOSEPH B,VAR,,20040305,,,1230.0000,20040305,,20040305,,,
04653320,4,4,12319,PHAIR JOSEPH B,VAR,,20040305,,,2920.0000,20040305,,20040305,,,
04804216,1,4,12200183,LEVY RICHARD M,VAR,A,20040511,9.16,27400.0000,,20040513,9.16,20040511,,54800.0000,4.5800
04804216,2,4,12200183,LEVY RICHARD M,VAR,D,20040511,84.01,27400.0000,,20040513,84.01,20040511,A,54800.0000,42.0050
04804216,3,4,12200183,LEVY RICHARD M,VAR,A,20040512,9.16,14700.0000,,20040513,9.16,20040512,,29400.0000,4.5800
04804216,4,4,12200183,LEVY RICHARD M,VAR,D,20040512,83.76,14700.0000,,20040513,83.76,20040512,A,29400.0000,41.8800
04804216,5,4,12200183,LEVY RICHARD M,VAR,A,20040513,9.16,17900.0000,,20040513,9.16,20040513,,35800.0000,4.5800
04804216,6,4,12200183,LEVY RICHARD M,VAR,D,20040513,83.75,17900.0000,441.0000,20040513,83.75,20040513,A,35800.0000,41.8750
04804216,7,4,12200183,LEVY RICHARD M,VAR,,20040513,,,168386.0000,20040513,,20040513,,,
04839026,1,4,6113,GUERTIN TIMOTHY E,VAR,A,20040526,9.16,14000.0000,,20040528,9.16,20040526,,28000.0000,4.5800
04839026,2,4,6113,GUERTIN TIMOTHY E,VAR,D,20040526,82.00,14000.0000,21738.0000,20040528,82.00,20040526,A,28000.0000,41.0000
04839270,1,4,12319,PHAIR JOSEPH B,VAR,A,20040527,11.03,10000.0000,,20040528,11.03,20040527,,20000.0000,5.5150
04839270,2,4,12319,PHAIR JOSEPH B,VAR,D,20040527,83.50,10000.0000,45587.0000,20040528,83.50,20040527,A,20000.0000,41.7500
04839270,3,4,12319,PHAIR JOSEPH B,VAR,,20040528,,,1230.0000,20040528,,20040528,,,
04839270,4,4,12319,PHAIR JOSEPH B,VAR,,20040528,,,2920.0000,20040528,,20040528,,,
04844959,1,4,13145760,LICHTER ALLEN S,VAR,A,20040528,83.45,100.0000,100.0000,20040602,83.45,20040528,,200.0000,41.7250
04846764,1,4,14016189,FINNEY ELISHA W,VAR,A,20040601,27.91,100.0000,,20040603,27.91,20040601,,200.0000,13.9550
04846764,2,4,14016189,FINNEY ELISHA W,VAR,D,20040601,84.00,100.0000,,20040603,84.00,20040601,A,200.0000,42.0000
04846764,3,4,14016189,FINNEY ELISHA W,VAR,A,20040602,27.91,14900.0000,,20040603,27.91,20040602,,29800.0000,13.9550
04846764,4,4,14016189,FINNEY ELISHA W,VAR,D,20040602,84.04,14900.0000,13039.0000,20040603,84.04,20040602,A,29800.0000,42.0200
04860965,1,4,16004552,RAIMUNDO CRISANTO C,VAR,A,20040610,27.91,10000.0000,,20040614,27.91,20040610,,20000.0000,13.9550
04860965,2,4,16004552,RAIMUNDO CRISANTO C,VAR,D,20040610,83.01,10000.0000,1723.0000,20040614,83.01,20040610,A,20000.0000,41.5050
04860965,3,4,16004552,RAIMUNDO CRISANTO C,VAR,,20040614,,,3672.0000,20040614,,20040614,,,
04959197,1,4,6756,HELLMAN SAMUEL,VAR,A,20040804,15.51,5740.0000,9740.0000,20040806,15.51,20040804,,5740.0000,15.5100
04964498,1,4,13145760,LICHTER ALLEN S,VAR,A,20040806,32.35,200.0000,400.0000,20040810,32.35,20040806,,200.0000,32.3500
04965509,1,4,6756,HELLMAN SAMUEL,VAR,A,20040809,16.25,10000.0000,19740.0000,20040810,16.25,20040809,,10000.0000,16.2500
051036323,1,4,12319,PHAIR JOSEPH B,VAR,A,20050817,5.52,10000.0000,,20050818,5.52,20050817,,10000.0000,5.5200
051036323,2,4,12319,PHAIR JOSEPH B,VAR,D,20050817,39.53,10000.0000,91939.0000,20050818,39.53,20050817,A,10000.0000,39.5300
051036323,3,4,12319,PHAIR JOSEPH B,VAR,,20050817,,,5840.0000,20050818,,20050817,,,
051036323,4,4,12319,PHAIR JOSEPH B,VAR,,20050817,,,2460.0000,20050818,,20050817,,,
051064152,1,4,13145760,LICHTER ALLEN S,VAR,A,20050901,25.15,100.0000,1000.0000,20050901,25.15,20050901,,100.0000,25.1500
051068161,1,4,12319,PHAIR JOSEPH B,VAR,A,20050901,5.16,30000.0000,,20050902,5.16,20050901,,30000.0000,5.1600
051068161,2,4,12319,PHAIR JOSEPH B,VAR,D,20050901,40.00,10000.0000,,20050902,40.00,20050901,A,10000.0000,40.0000
051068161,3,4,12319,PHAIR JOSEPH B,VAR,D,20050901,40.04,10000.0000,,20050902,40.04,20050901,A,10000.0000,40.0400
051068161,4,4,12319,PHAIR JOSEPH B,VAR,D,20050901,40.00,10000.0000,91939.0000,20050902,40.00,20050901,A,10000.0000,40.0000
051068161,5,4,12319,PHAIR JOSEPH B,VAR,,20050901,,,5840.0000,20050902,,20050901,,,
051068161,6,4,12319,PHAIR JOSEPH B,VAR,,20050901,,,2460.0000,20050902,,20050901,,,
051073883,1,4,15008750,KLUGE ROBERT H,VAR,A,20050907,13.95,20000.0000,,20050907,13.95,20050907,,20000.0000,13.9500
051073883,2,4,15008750,KLUGE ROBERT H,VAR,D,20050907,41.00,20000.0000,35965.0000,20050907,41.00,20050907,A,20000.0000,41.0000
051088392,1,4,12319,PHAIR JOSEPH B,VAR,A,20050915,13.95,10000.0000,,20050916,13.95,20050915,,10000.0000,13.9500
051088392,2,4,12319,PHAIR JOSEPH B,VAR,D,20050915,42.04,10000.0000,91939.0000,20050916,42.04,20050915,A,10000.0000,42.0400
051088392,3,4,12319,PHAIR JOSEPH B,VAR,,20050915,,,5840.0000,20050916,,20050915,,,
051088392,4,4,12319,PHAIR JOSEPH B,VAR,,20050915,,,2460.0000,20050916,,20050915,,,
051122944,1,4,13145760,LICHTER ALLEN S,VAR,A,20051003,25.15,100.0000,1100.0000,20051004,25.15,20051003,,100.0000,25.1500
051143462,1,4,15008750,KLUGE ROBERT H,VAR,A,20051017,13.95,20000.0000,,20051018,13.95,20051017,,20000.0000,13.9500
051143462,2,4,15008750,KLUGE ROBERT H,VAR,D,20051017,41.75,20000.0000,36146.0000,20051018,41.75,20051017,A,20000.0000,41.7500
051149240,1,4,12319,PHAIR JOSEPH B,VAR,A,20051019,13.95,10000.0000,,20051021,13.95,20051019,,10000.0000,13.9500
051149240,2,4,12319,PHAIR JOSEPH B,VAR,D,20051019,42.57,10000.0000,,20051021,42.57,20051019,A,10000.0000,42.5700
051149240,3,4,12319,PHAIR JOSEPH B,VAR,A,20051020,13.95,10000.0000,,20051021,13.95,20051020,,10000.0000,13.9500
051149240,4,4,12319,PHAIR JOSEPH B,VAR,D,20051020,44.50,10000.0000,91939.0000,20051021,44.50,20051020,A,10000.0000,44.5000
051149240,5,4,12319,PHAIR JOSEPH B,VAR,,20051020,,,5840.0000,20051021,,20051020,,,
051149240,6,4,12319,PHAIR JOSEPH B,VAR,,20051020,,,2460.0000,20051021,,20051020,,,
051156549,1,4,12319,PHAIR JOSEPH B,VAR,A,20051025,13.95,10000.0000,,20051026,13.95,20051025,,10000.0000,13.9500
051156549,2,4,12319,PHAIR JOSEPH B,VAR,D,20051025,45.10,10000.0000,91939.0000,20051026,45.10,20051025,A,10000.0000,45.1000
051156549,3,4,12319,PHAIR JOSEPH B,VAR,,20051025,,,5840.0000,20051026,,20051025,,,
051156549,4,4,12319,PHAIR JOSEPH B,VAR,,20051025,,,2460.0000,20051026,,20051025,,,
051162516,1,4,12319,PHAIR JOSEPH B,VAR,A,20051027,13.95,10000.0000,,20051028,13.95,20051027,,10000.0000,13.9500
051162516,2,4,12319,PHAIR JOSEPH B,VAR,D,20051027,46.12,10000.0000,91939.0000,20051028,46.12,20051027,A,10000.0000,46.1200
051162516,3,4,12319,PHAIR JOSEPH B,VAR,,20051028,,,5840.0000,20051028,,20051028,,,
051162516,4,4,12319,PHAIR JOSEPH B,VAR,,20051028,,,2460.0000,20051028,,20051028,,,
051178250,1,4,14016189,FINNEY ELISHA W,VAR,A,20051101,13.95,8000.0000,,20051103,13.95,20051101,,8000.0000,13.9500
051178250,2,4,14016189,FINNEY ELISHA W,VAR,D,20051101,44.98,8000.0000,3816.0000,20051103,44.98,20051101,A,8000.0000,44.9800
051178250,3,4,14016189,FINNEY ELISHA W,VAR,,20051102,,,23176.0000,20051103,,20051102,,,
051178263,1,4,16004552,RAIMUNDO CRISANTO C,VAR,A,20051101,13.95,20000.0000,,20051103,13.95,20051101,,20000.0000,13.9500
051178263,2,4,16004552,RAIMUNDO CRISANTO C,VAR,D,20051101,44.91,20000.0000,4543.0000,20051103,44.91,20051101,A,20000.0000,44.9100
051178263,3,4,16004552,RAIMUNDO CRISANTO C,VAR,,20051102,,,7344.0000,20051103,,20051102,,,
051178284,1,4,13145760,LICHTER ALLEN S,VAR,A,20051101,25.15,100.0000,1200.0000,20051103,25.15,20051101,,100.0000,25.1500
051181867,1,4,12319,PHAIR JOSEPH B,VAR,A,20051102,13.95,10000.0000,,20051104,13.95,20051102,,10000.0000,13.9500
051181867,2,4,12319,PHAIR JOSEPH B,VAR,D,20051102,47.00,10000.0000,91939.0000,20051104,47.00,20051102,A,10000.0000,47.0000
051181867,3,4,12319,PHAIR JOSEPH B,VAR,,20051104,,,5840.0000,20051104,,20051104,,,
051181867,4,4,12319,PHAIR JOSEPH B,VAR,,20051104,,,2460.0000,20051104,,20051104,,,
051204215,1,4,12319,PHAIR JOSEPH B,VAR,A,20051109,13.95,10000.0000,,20051114,13.95,20051109,,10000.0000,13.9500
051204215,2,4,12319,PHAIR JOSEPH B,VAR,D,20051109,47.25,10000.0000,,20051114,47.25,20051109,A,10000.0000,47.2500
051204215,3,4,12319,PHAIR JOSEPH B,VAR,A,20051110,13.95,10000.0000,,20051114,13.95,20051110,,10000.0000,13.9500
051204215,4,4,12319,PHAIR JOSEPH B,VAR,D,20051110,47.50,10000.0000,,20051114,47.50,20051110,A,10000.0000,47.5000
051204215,5,4,12319,PHAIR JOSEPH B,VAR,A,20051111,13.95,10000.0000,,20051114,13.95,20051111,,10000.0000,13.9500
051204215,6,4,12319,PHAIR JOSEPH B,VAR,A,20051111,13.95,10000.0000,,20051114,13.95,20051111,,10000.0000,13.9500
051204215,7,4,12319,PHAIR JOSEPH B,VAR,D,20051111,47.80,10000.0000,,20051114,47.80,20051111,A,10000.0000,47.8000
051204215,8,4,12319,PHAIR JOSEPH B,VAR,D,20051111,48.00,10000.0000,91939.0000,20051114,48.00,20051111,A,10000.0000,48.0000
051204215,9,4,12319,PHAIR JOSEPH B,VAR,,20051114,,,4340.0000,20051114,,20051114,,,
051212328,1,4,12319,PHAIR JOSEPH B,VAR,A,20051115,13.95,10000.0000,,20051117,13.95,20051115,,10000.0000,13.9500
051212328,2,4,12319,PHAIR JOSEPH B,VAR,A,20051115,13.95,10000.0000,,20051117,13.95,20051115,,10000.0000,13.9500
051212328,3,4,12319,PHAIR JOSEPH B,VAR,D,20051115,49.60,10000.0000,,20051117,49.60,20051115,A,10000.0000,49.6000
051212328,4,4,12319,PHAIR JOSEPH B,VAR,D,20051115,50.00,10000.0000,91939.0000,20051117,50.00,20051115,A,10000.0000,50.0000
051212328,5,4,12319,PHAIR JOSEPH B,VAR,,20051117,,,4340.0000,20051117,,20051117,,,
051219332,1,4,15008750,KLUGE ROBERT H,VAR,A,20051117,,34360.0000,,20051121,,20051117,,34360.0000,
051219332,2,4,15008750,KLUGE ROBERT H,VAR,D,20051117,49.88,14757.0000,55749.0000,20051121,49.88,20051117,N,14757.0000,49.8800
051219337,1,4,14016189,FINNEY ELISHA W,VAR,A,20051117,,37224.0000,,20051121,,20051117,,37224.0000,
051219337,2,4,14016189,FINNEY ELISHA W,VAR,D,20051117,49.88,17029.0000,24011.0000,20051121,49.88,20051117,N,17029.0000,49.8800
051219337,3,4,14016189,FINNEY ELISHA W,VAR,,20051121,,,23176.0000,20051121,,20051121,,,
051219343,1,4,6113,GUERTIN TIMOTHY E,VAR,A,20051117,,40088.0000,,20051121,,20051117,,40088.0000,
051219343,2,4,6113,GUERTIN TIMOTHY E,VAR,D,20051117,49.88,18340.0000,65740.0000,20051121,49.88,20051117,N,18340.0000,49.8800
051219365,1,4,16004552,RAIMUNDO CRISANTO C,VAR,A,20051117,,17180.0000,,20051121,,20051117,,17180.0000,
051219365,2,4,16004552,RAIMUNDO CRISANTO C,VAR,D,20051117,49.88,7859.0000,13864.0000,20051121,49.88,20051117,N,7859.0000,49.8800
051219365,3,4,16004552,RAIMUNDO CRISANTO C,VAR,,20051121,,,7344.0000,20051121,,20051121,,,
051219378,1,4,12319,PHAIR JOSEPH B,VAR,A,20051117,,37224.0000,,20051121,,20051117,,37224.0000,
051219378,2,4,12319,PHAIR JOSEPH B,VAR,D,20051117,49.88,17029.0000,,20051121,49.88,20051117,A,17029.0000,49.8800
051219378,3,4,12319,PHAIR JOSEPH B,VAR,A,20051117,13.95,10000.0000,,20051121,13.95,20051117,,10000.0000,13.9500
051219378,4,4,12319,PHAIR JOSEPH B,VAR,D,20051117,50.00,10000.0000,,20051121,50.00,20051117,P,10000.0000,50.0000
051219378,5,4,12319,PHAIR JOSEPH B,VAR,A,20051117,13.95,10000.0000,,20051121,13.95,20051117,,10000.0000,13.9500
051219378,6,4,12319,PHAIR JOSEPH B,VAR,D,20051117,50.00,10000.0000,,20051121,50.00,20051117,N,10000.0000,50.0000
051219378,7,4,12319,PHAIR JOSEPH B,VAR,A,20051118,13.95,10000.0000,,20051121,13.95,20051118,,10000.0000,13.9500
051219378,8,4,12319,PHAIR JOSEPH B,VAR,D,20051118,50.50,10000.0000,112134.0000,20051121,50.50,20051118,A,10000.0000,50.5000
051219378,9,4,12319,PHAIR JOSEPH B,VAR,,20051121,,,4340.0000,20051121,,20051121,,,
051219420,1,4,12200183,LEVY RICHARD M,VAR,A,20051117,,74428.0000,,20051121,,20051117,,74428.0000,
051219420,2,4,12200183,LEVY RICHARD M,VAR,D,20051117,49.88,34050.0000,41126.0000,20051121,49.88,20051117,N,34050.0000,49.8800
051219420,3,4,12200183,LEVY RICHARD M,VAR,,20051121,,,337654.0000,20051121,,20051121,,,
051226185,1,4,12319,PHAIR JOSEPH B,VAR,A,20051121,13.95,10000.0000,,20051123,13.95,20051121,,10000.0000,13.9500
051226185,2,4,12319,PHAIR JOSEPH B,VAR,D,20051121,51.00,10000.0000,112134.0000,20051123,51.00,20051121,A,10000.0000,51.0000
051226185,3,4,12319,PHAIR JOSEPH B,VAR,,20051123,,,4340.0000,20051123,,20051123,,,
051226208,1,4,12200183,LEVY RICHARD M,VAR,D,20051123,,40000.0000,338032.0000,20051123,,20051123,,40000.0000,
051226208,2,4,12200183,LEVY RICHARD M,VAR,,20051123,,,748.0000,20051123,,20051123,,,
051226210,1,4,16004552,RAIMUNDO CRISANTO C,VAR,D,20051123,50.37,9321.0000,4543.0000,20051123,50.37,20051123,N,9321.0000,50.3700
051226210,2,4,16004552,RAIMUNDO CRISANTO C,VAR,,20051123,,,7344.0000,20051123,,20051123,,,
051226212,1,4,12211032,BOSTROM SUSAN L,VAR,A,20051123,36.22,15000.0000,,20051123,36.22,20051123,,15000.0000,36.2200
051226212,2,4,12211032,BOSTROM SUSAN L,VAR,D,20051123,50.20,14250.0000,750.0000,20051123,50.20,20051123,A,14250.0000,50.2000
051226214,1,4,1799,BROWN JOHN SEELY PH.D.,VAR,A,20051123,19.90,15000.0000,,20051123,19.90,20051123,,15000.0000,19.9000
051226214,2,4,1799,BROWN JOHN SEELY PH.D.,VAR,D,20051123,50.47,15000.0000,3000.0000,20051123,50.47,20051123,A,15000.0000,50.4700
051226222,1,4,16086621,ECKERT ROBERT ANDREW,VAR,A,20051123,36.22,15000.0000,,20051123,36.22,20051123,,15000.0000,36.2200
051226222,2,4,16086621,ECKERT ROBERT ANDREW,VAR,A,20051123,36.70,5000.0000,,20051123,36.70,20051123,,5000.0000,36.7000
051226222,3,4,16086621,ECKERT ROBERT ANDREW,VAR,D,20051123,50.10,17000.0000,3000.0000,20051123,50.10,20051123,A,17000.0000,50.1000
051226226,1,4,6756,HELLMAN SAMUEL,VAR,A,20051123,19.90,10000.0000,,20051123,19.90,20051123,,10000.0000,19.9000
051226226,2,4,6756,HELLMAN SAMUEL,VAR,D,20051123,50.19,10000.0000,15740.0000,20051123,50.19,20051123,A,10000.0000,50.1900
051226231,1,4,12218923,NAUMANN ETIENNE RUEDIGER,VAR,A,20051123,25.15,10000.0000,,20051123,25.15,20051123,,10000.0000,25.1500
051226231,2,4,12218923,NAUMANN ETIENNE RUEDIGER,VAR,D,20051123,50.20,7000.0000,7000.0000,20051123,50.20,20051123,A,7000.0000,50.2000
051232966,1,4,16153328,KUO JOHN W,VAR,A,20051125,24.61,6665.0000,,20051129,24.61,20051125,,6665.0000,24.6100
051232966,2,4,16153328,KUO JOHN W,VAR,D,20051125,50.42,6115.0000,1301.0000,20051129,50.42,20051125,A,6115.0000,50.4200
051232966,3,4,16153328,KUO JOHN W,VAR,,20051129,,,476.2840,20051129,,20051129,,,
051232969,1,4,6756,HELLMAN SAMUEL,VAR,D,20051125,50.47,10000.0000,5740.0000,20051129,50.47,20051125,N,10000.0000,50.4700
051245630,1,4,14016189,FINNEY ELISHA W,VAR,A,20051201,13.95,8000.0000,,20051205,13.95,20051201,,8000.0000,13.9500
051245630,2,4,14016189,FINNEY ELISHA W,VAR,D,20051201,50.75,8000.0000,24011.0000,20051205,50.75,20051201,A,8000.0000,50.7500
051245630,3,4,14016189,FINNEY ELISHA W,VAR,,20051205,,,23176.0000,20051205,,20051205,,,
051245632,1,4,6113,GUERTIN TIMOTHY E,VAR,A,20051201,4.58,19800.0000,,20051205,4.58,20051201,,19800.0000,4.5800
051245632,2,4,6113,GUERTIN TIMOTHY E,VAR,A,20051201,13.95,25000.0000,,20051205,13.95,20051201,,25000.0000,13.9500
051245632,3,4,6113,GUERTIN TIMOTHY E,VAR,D,20051201,50.96,44800.0000,65740.0000,20051205,50.96,20051201,A,44800.0000,50.9600
051245633,1,4,12200183,LEVY RICHARD M,VAR,A,20051205,4.58,180000.0000,,20051205,4.58,20051205,,180000.0000,4.5800
051245633,2,4,12200183,LEVY RICHARD M,VAR,D,20051205,51.91,180000.0000,748.0000,20051205,51.91,20051205,A,180000.0000,51.9100
051245633,3,4,12200183,LEVY RICHARD M,VAR,,20051205,,,338032.0000,20051205,,20051205,,,
05526944,1,4,16142519,WILSON DOW R,VAR,A,20050110,,44368.0000,44368.0000,20050112,,20050110,,44368.0000,
05576004,1,4,12200183,LEVY RICHARD M,VAR,A,20050203,4.58,30000.0000,,20050204,4.58,20050203,,30000.0000,4.5800
05576004,2,4,12200183,LEVY RICHARD M,VAR,D,20050203,38.53,30000.0000,,20050204,38.53,20050203,A,30000.0000,38.5300
05576004,3,4,12200183,LEVY RICHARD M,VAR,,20050204,,,337654.0000,20050204,,20050204,,,
05585637,1,4,12200183,LEVY RICHARD M,VAR,A,20050204,4.58,90000.0000,,20050208,4.58,20050204,,90000.0000,4.5800
05585637,2,4,12200183,LEVY RICHARD M,VAR,D,20050204,38.69,90000.0000,1.0000,20050208,38.69,20050204,A,90000.0000,38.6900
05585637,3,4,12200183,LEVY RICHARD M,VAR,,20050208,,,337654.0000,20050208,,20050208,,,
05585638,1,4,13145760,LICHTER ALLEN S,VAR,A,20050207,38.90,200.0000,600.0000,20050208,38.90,20050207,,200.0000,38.9000
05633696,1,4,16004552,RAIMUNDO CRISANTO C,VAR,A,20050218,13.95,10000.0000,,20050223,13.95,20050218,,10000.0000,13.9500
05633696,2,4,16004552,RAIMUNDO CRISANTO C,VAR,D,20050218,36.05,10000.0000,3792.0000,20050223,36.05,20050218,A,10000.0000,36.0500
05633696,3,4,16004552,RAIMUNDO CRISANTO C,VAR,,20050222,,,7344.0000,20050223,,20050222,,,
05633769,1,4,14016189,FINNEY ELISHA W,VAR,A,20050222,13.95,7000.0000,,20050223,13.95,20050222,,7000.0000,13.9500
05633769,2,4,14016189,FINNEY ELISHA W,VAR,D,20050222,35.92,7000.0000,26369.0000,20050223,35.92,20050222,A,7000.0000,35.9200
05655744,1,4,14016189,FINNEY ELISHA W,VAR,A,20050301,13.95,7000.0000,,20050302,13.95,20050301,,7000.0000,13.9500
05655744,2,4,14016189,FINNEY ELISHA W,VAR,D,20050301,35.60,7000.0000,26369.0000,20050302,35.60,20050301,A,7000.0000,35.6000
05655746,1,4,16004552,RAIMUNDO CRISANTO C,VAR,A,20050301,13.95,10000.0000,,20050302,13.95,20050301,,10000.0000,13.9500
05655746,2,4,16004552,RAIMUNDO CRISANTO C,VAR,D,20050301,35.60,10000.0000,3792.0000,20050302,35.60,20050301,A,10000.0000,35.6000
05655746,3,4,16004552,RAIMUNDO CRISANTO C,VAR,,20050302,,,7344.0000,20050302,,20050302,,,
05825864,1,4,16004552,RAIMUNDO CRISANTO C,VAR,A,20050511,13.95,13000.0000,,20050512,13.95,20050511,,13000.0000,13.9500
05825864,2,4,16004552,RAIMUNDO CRISANTO C,VAR,D,20050511,35.00,13000.0000,4202.0000,20050512,35.00,20050511,A,13000.0000,35.0000
05825864,3,4,16004552,RAIMUNDO CRISANTO C,VAR,,20050512,,,7344.0000,20050512,,20050512,,,
05825885,1,4,14016189,FINNEY ELISHA W,VAR,A,20050511,13.95,14000.0000,,20050512,13.95,20050511,,14000.0000,13.9500
05825885,2,4,14016189,FINNEY ELISHA W,VAR,D,20050511,35.00,14000.0000,3499.0000,20050512,35.00,20050511,A,14000.0000,35.0000
05825885,3,4,14016189,FINNEY ELISHA W,VAR,,20050512,,,23176.0000,20050512,,20050512,,,
05856289,1,4,12319,PHAIR JOSEPH B,VAR,A,20050524,5.52,30000.0000,,20050525,5.52,20050524,,30000.0000,5.5200
05856289,2,4,12319,PHAIR JOSEPH B,VAR,D,20050524,38.00,28013.0000,,20050525,38.00,20050524,A,28013.0000,38.0000
05856289,3,4,12319,PHAIR JOSEPH B,VAR,D,20050524,38.00,1987.0000,91939.0000,20050525,38.00,20050524,A,1987.0000,38.0000
05856289,4,4,12319,PHAIR JOSEPH B,VAR,,20050525,,,5840.0000,20050525,,20050525,,,
05856289,5,4,12319,PHAIR JOSEPH B,VAR,,20050525,,,2460.0000,20050525,,20050525,,,
05875587,1,4,14016189,FINNEY ELISHA W,VAR,A,20050601,13.95,7000.0000,,20050602,13.95,20050601,,7000.0000,13.9500
05875587,2,4,14016189,FINNEY ELISHA W,VAR,D,20050601,37.20,7000.0000,3499.0000,20050602,37.20,20050601,A,7000.0000,37.2000
05875587,3,4,14016189,FINNEY ELISHA W,VAR,,20050602,,,23176.0000,20050602,,20050602,,,
05875588,1,4,16004552,RAIMUNDO CRISANTO C,VAR,A,20050601,13.95,7000.0000,,20050602,13.95,20050601,,7000.0000,13.9500
05875588,2,4,16004552,RAIMUNDO CRISANTO C,VAR,D,20050601,37.20,7000.0000,4202.0000,20050602,37.20,20050601,A,7000.0000,37.2000
05875588,3,4,16004552,RAIMUNDO CRISANTO C,VAR,,20050602,,,7344.0000,20050602,,20050602,,,
05875589,1,4,13145760,LICHTER ALLEN S,VAR,A,20050601,25.15,100.0000,700.0000,20050602,25.15,20050601,,100.0000,25.1500
05941434,1,4,14016189,FINNEY ELISHA W,VAR,A,20050701,13.95,7000.0000,,20050706,13.95,20050701,,7000.0000,13.9500
05941434,2,4,14016189,FINNEY ELISHA W,VAR,D,20050701,37.00,7000.0000,3499.0000,20050706,37.00,20050701,A,7000.0000,37.0000
05941434,3,4,14016189,FINNEY ELISHA W,VAR,,20050706,,,23176.0000,20050706,,20050706,,,
05942068,1,3,16153328,KUO JOHN W,VAR,,20050630,,,352.0000,20050706,,,,,
05942068,2,3,16153328,KUO JOHN W,VAR,,20050630,,,476.2840,20050706,,,,,
05942081,1,4,13145760,LICHTER ALLEN S,VAR,A,20050701,25.15,100.0000,800.0000,20050706,25.15,20050701,,100.0000,25.1500
05993445,1,4,13145760,LICHTER ALLEN S,VAR,A,20050801,25.15,100.0000,900.0000,20050802,25.15,20050801,,100.0000,25.1500
061003340,1,4,14016189,FINNEY ELISHA W,VAR,A,20060801,13.95,8000.0000,,20060803,13.95,20060801,,8000.0000,13.9500
061003340,2,4,14016189,FINNEY ELISHA W,VAR,D,20060801,44.45,8000.0000,4100.0000,20060803,44.45,20060801,A,8000.0000,44.4500
061003340,3,4,14016189,FINNEY ELISHA W,VAR,,20060803,,,31371.0000,20060803,,20060803,,,
061003389,1,4,6113,GUERTIN TIMOTHY E,VAR,A,20060801,13.95,35000.0000,,20060803,13.95,20060801,,35000.0000,13.9500
061003389,2,4,6113,GUERTIN TIMOTHY E,VAR,D,20060801,44.45,35000.0000,,20060803,44.45,20060801,A,35000.0000,44.4500
061003389,3,4,6113,GUERTIN TIMOTHY E,VAR,A,20060801,17.95,3500.0000,5242.0000,20060803,17.95,20060801,,3500.0000,17.9500
061003389,4,4,6113,GUERTIN TIMOTHY E,VAR,,20060803,,,64164.0000,20060803,,20060803,,,
061003425,1,4,12200183,LEVY RICHARD M,VAR,A,20060802,13.95,200000.0000,0.0000,20060803,13.95,20060802,,200000.0000,13.9531
061003425,2,4,12200183,LEVY RICHARD M,VAR,D,20060802,45.98,200000.0000,0.0000,20060803,45.98,20060802,A,200000.0000,45.9783
061003425,3,4,12200183,LEVY RICHARD M,VAR,,20060803,,0.0000,329413.0000,20060803,0.00,20060803,,0.0000,
061014680,1,4,13145760,LICHTER ALLEN S,VAR,A,20060807,25.15,7500.0000,,20060808,25.15,20060807,,7500.0000,25.1500
061014680,2,4,13145760,LICHTER ALLEN S,VAR,D,20060807,49.45,7500.0000,1200.0000,20060808,49.45,20060807,A,7500.0000,49.4500
061042057,1,4,13145760,LICHTER ALLEN S,VAR,A,20060816,25.15,7500.0000,,20060817,25.15,20060816,,7500.0000,25.1500
061042057,2,4,13145760,LICHTER ALLEN S,VAR,D,20060816,52.00,7500.0000,1200.0000,20060817,52.00,20060816,A,7500.0000,52.0000
061042078,1,4,6756,HELLMAN SAMUEL,VAR,A,20060816,36.22,9418.0000,,20060817,36.22,20060816,,9418.0000,36.2200
061042078,2,4,6756,HELLMAN SAMUEL,VAR,D,20060816,52.09,300.0000,,20060817,52.09,20060816,A,300.0000,52.0900
061042078,3,4,6756,HELLMAN SAMUEL,VAR,D,20060816,52.10,177.0000,,20060817,52.10,20060816,A,177.0000,52.1000
061042078,4,4,6756,HELLMAN SAMUEL,VAR,D,20060816,52.13,241.0000,,20060817,52.13,20060816,A,241.0000,52.1300
061042078,5,4,6756,HELLMAN SAMUEL,VAR,D,20060816,52.06,8700.0000,5740.0000,20060817,52.06,20060816,A,8700.0000,52.0600
061042086,1,4,12218923,NAUMANN ETIENNE RUEDIGER,VAR,A,20060816,25.15,10000.0000,,20060817,25.15,20060816,,10000.0000,25.1500
061042086,2,4,12218923,NAUMANN ETIENNE RUEDIGER,VAR,D,20060816,51.97,200.0000,,20060817,51.97,20060816,A,200.0000,51.9700
061042086,3,4,12218923,NAUMANN ETIENNE RUEDIGER,VAR,D,20060816,51.85,7800.0000,11000.0000,20060817,51.85,20060816,A,7800.0000,51.8500
061069706,1,3,16177446,CHEN TAI YUN,VAR,,20060731,,,290.0000,20060831,,,,,
061069706,2,3,16177446,CHEN TAI YUN,VAR,,20060731,,,2657.1600,20060831,,,,,
061075129,1,4,14016189,FINNEY ELISHA W,VAR,A,20060901,13.95,8000.0000,,20060905,13.95,20060901,,8000.0000,13.9500
061075129,2,4,14016189,FINNEY ELISHA W,VAR,D,20060901,52.77,400.0000,,20060905,52.77,20060901,A,400.0000,52.7700
061075129,3,4,14016189,FINNEY ELISHA W,VAR,D,20060901,52.80,300.0000,,20060905,52.80,20060901,A,300.0000,52.8000
061075129,4,4,14016189,FINNEY ELISHA W,VAR,D,20060901,52.81,100.0000,,20060905,52.81,20060901,A,100.0000,52.8100
061075129,5,4,14016189,FINNEY ELISHA W,VAR,D,20060901,52.83,600.0000,,20060905,52.83,20060901,A,600.0000,52.8300
061075129,6,4,14016189,FINNEY ELISHA W,VAR,D,20060901,52.84,200.0000,,20060905,52.84,20060901,A,200.0000,52.8400
061075129,7,4,14016189,FINNEY ELISHA W,VAR,D,20060901,52.90,1200.0000,,20060905,52.90,20060901,A,1200.0000,52.9000
061075129,8,4,14016189,FINNEY ELISHA W,VAR,D,20060901,52.92,400.0000,,20060905,52.92,20060901,A,400.0000,52.9200
061075129,9,4,14016189,FINNEY ELISHA W,VAR,D,20060901,52.94,800.0000,,20060905,52.94,20060901,A,800.0000,52.9400
061075129,10,4,14016189,FINNEY ELISHA W,VAR,D,20060901,52.96,1100.0000,,20060905,52.96,20060901,A,1100.0000,52.9600
061075129,11,4,14016189,FINNEY ELISHA W,VAR,D,20060901,52.98,800.0000,,20060905,52.98,20060901,A,800.0000,52.9800
061075129,12,4,14016189,FINNEY ELISHA W,VAR,D,20060901,53.01,500.0000,,20060905,53.01,20060901,A,500.0000,53.0100
061075129,13,4,14016189,FINNEY ELISHA W,VAR,D,20060901,53.03,800.0000,,20060905,53.03,20060901,A,800.0000,53.0300
061075129,14,4,14016189,FINNEY ELISHA W,VAR,D,20060901,53.29,800.0000,4100.0000,20060905,53.29,20060901,A,800.0000,53.2900
061075129,15,4,14016189,FINNEY ELISHA W,VAR,,20060905,,,31371.0000,20060905,,20060905,,,
061129406,1,4,14016189,FINNEY ELISHA W,VAR,A,20061002,13.95,8000.0000,,20061004,13.95,20061002,,8000.0000,13.9500
061129406,2,4,14016189,FINNEY ELISHA W,VAR,D,20061002,50.17,1500.0000,,20061004,50.17,20061002,A,1500.0000,50.1700
061129406,3,4,14016189,FINNEY ELISHA W,VAR,D,20061002,50.19,700.0000,,20061004,50.19,20061002,A,700.0000,50.1900
061129406,4,4,14016189,FINNEY ELISHA W,VAR,D,20061002,50.48,1000.0000,,20061004,50.48,20061002,A,1000.0000,50.4800
061129406,5,4,14016189,FINNEY ELISHA W,VAR,D,20061002,50.85,800.0000,,20061004,50.85,20061002,A,800.0000,50.8500
061129406,6,4,14016189,FINNEY ELISHA W,VAR,D,20061002,50.87,800.0000,,20061004,50.87,20061002,A,800.0000,50.8700
061129406,7,4,14016189,FINNEY ELISHA W,VAR,D,20061002,50.88,700.0000,,20061004,50.88,20061002,A,700.0000,50.8800
061129406,8,4,14016189,FINNEY ELISHA W,VAR,D,20061002,50.90,100.0000,,20061004,50.90,20061002,A,100.0000,50.9000
061129406,9,4,14016189,FINNEY ELISHA W,VAR,D,20061002,50.97,1300.0000,,20061004,50.97,20061002,A,1300.0000,50.9700
061129406,10,4,14016189,FINNEY ELISHA W,VAR,D,20061002,50.99,300.0000,,20061004,50.99,20061002,A,300.0000,50.9900
061129406,11,4,14016189,FINNEY ELISHA W,VAR,D,20061002,53.21,800.0000,4325.0000,20061004,53.21,20061002,A,800.0000,53.2100
061129406,12,4,14016189,FINNEY ELISHA W,VAR,,20061004,,,31371.0000,20061004,,20061004,,,
061129439,1,4,12200183,LEVY RICHARD M,VAR,A,20061002,4.58,120000.0000,0.0000,20061004,4.58,20061002,,120000.0000,4.5781
061129439,2,4,12200183,LEVY RICHARD M,VAR,D,20061002,51.03,120000.0000,0.0000,20061004,51.03,20061002,A,120000.0000,51.0321
061129439,3,4,12200183,LEVY RICHARD M,VAR,,20061004,,0.0000,329413.0000,20061004,0.00,20061004,,0.0000,
061186614,1,4,6113,GUERTIN TIMOTHY E,VAR,A,20061101,13.95,50000.0000,,20061103,13.95,20061101,,50000.0000,13.9500
061186614,2,4,6113,GUERTIN TIMOTHY E,VAR,D,20061101,54.48,50000.0000,5396.0000,20061103,54.48,20061101,A,50000.0000,54.4800
061186614,3,4,6113,GUERTIN TIMOTHY E,VAR,,20061103,,,64164.0000,20061103,,20061103,,,
061186770,1,4,14016189,FINNEY ELISHA W,VAR,A,20061101,13.95,8000.0000,,20061103,13.95,20061101,,8000.0000,13.9500
061186770,2,4,14016189,FINNEY ELISHA W,VAR,D,20061101,53.88,800.0000,,20061103,53.88,20061101,A,800.0000,53.8800
061186770,3,4,14016189,FINNEY ELISHA W,VAR,D,20061101,54.18,800.0000,,20061103,54.18,20061101,A,800.0000,54.1800
061186770,4,4,14016189,FINNEY ELISHA W,VAR,D,20061101,54.22,500.0000,,20061103,54.22,20061101,A,500.0000,54.2200
061186770,5,4,14016189,FINNEY ELISHA W,VAR,D,20061101,54.25,300.0000,,20061103,54.25,20061101,A,300.0000,54.2500
061186770,6,4,14016189,FINNEY ELISHA W,VAR,D,20061101,54.35,600.0000,,20061103,54.35,20061101,A,600.0000,54.3500
061186770,7,4,14016189,FINNEY ELISHA W,VAR,D,20061101,54.40,200.0000,,20061103,54.40,20061101,A,200.0000,54.4000
061186770,8,4,14016189,FINNEY ELISHA W,VAR,D,20061101,54.45,200.0000,,20061103,54.45,20061101,A,200.0000,54.4500
061186770,9,4,14016189,FINNEY ELISHA W,VAR,D,20061101,54.46,600.0000,,20061103,54.46,20061101,A,600.0000,54.4600
061186770,10,4,14016189,FINNEY ELISHA W,VAR,D,20061101,54.48,100.0000,,20061103,54.48,20061101,A,100.0000,54.4800
061186770,11,4,14016189,FINNEY ELISHA W,VAR,D,20061101,54.57,600.0000,,20061103,54.57,20061101,A,600.0000,54.5700
061186770,12,4,14016189,FINNEY ELISHA W,VAR,D,20061101,54.59,100.0000,,20061103,54.59,20061101,A,100.0000,54.5900
061186770,13,4,14016189,FINNEY ELISHA W,VAR,D,20061101,54.86,800.0000,,20061103,54.86,20061101,A,800.0000,54.8600
061186770,14,4,14016189,FINNEY ELISHA W,VAR,D,20061101,54.92,400.0000,,20061103,54.92,20061101,A,400.0000,54.9200
061186770,15,4,14016189,FINNEY ELISHA W,VAR,D,20061101,54.93,1200.0000,,20061103,54.93,20061101,A,1200.0000,54.9300
061186770,16,4,14016189,FINNEY ELISHA W,VAR,D,20061101,55.00,800.0000,4325.0000,20061103,55.00,20061101,A,800.0000,55.0000
061186770,17,4,14016189,FINNEY ELISHA W,VAR,,20061103,,,31371.0000,20061103,,20061103,,,
061187129,1,4,16142519,WILSON DOW R,VAR,A,20061101,40.57,6904.0000,,20061103,40.57,20061101,,6904.0000,40.5700
061187129,2,4,16142519,WILSON DOW R,VAR,D,20061101,55.00,6904.0000,44812.0000,20061103,55.00,20061101,A,6904.0000,55.0000
061188195,1,4,12200183,LEVY RICHARD M,VAR,A,20061101,13.95,50000.0000,,20061103,13.95,20061101,,50000.0000,13.9531
061188195,2,4,12200183,LEVY RICHARD M,VAR,D,20061101,54.48,50000.0000,0.0000,20061103,54.48,20061101,A,50000.0000,54.4775
061188195,3,4,12200183,LEVY RICHARD M,VAR,,20061103,,,329413.0000,20061103,,20061103,,,
061198378,1,4,16142519,WILSON DOW R,VAR,A,20061106,40.57,500.0000,,20061108,40.57,20061106,,500.0000,40.5700
061198378,2,4,16142519,WILSON DOW R,VAR,D,20061106,55.00,500.0000,,20061108,55.00,20061106,A,500.0000,55.0000
061198378,3,4,16142519,WILSON DOW R,VAR,A,20061107,40.57,1234.0000,,20061108,40.57,20061107,,1234.0000,40.5700
061198378,4,4,16142519,WILSON DOW R,VAR,D,20061107,55.00,1234.0000,44812.0000,20061108,55.00,20061107,A,1234.0000,55.0000
061234123,1,4,16177446,CHEN TAI YUN,VAR,A,20061121,,3500.0000,4034.0000,20061121,,20061121,,3500.0000,
061234123,2,4,16177446,CHEN TAI YUN,VAR,,20061121,,,2665.7800,20061121,,20061121,,,
061234125,1,4,16153328,KUO JOHN W,VAR,A,20061121,,5000.0000,6873.0000,20061121,,20061121,,5000.0000,
061234125,2,4,16153328,KUO JOHN W,VAR,,20061121,,,516.4210,20061121,,20061121,,,
061237318,1,4,13145760,LICHTER ALLEN S,VAR,A,20061122,25.15,10000.0000,,20061122,25.15,20061122,,10000.0000,25.1500
061237318,2,4,13145760,LICHTER ALLEN S,VAR,D,20061122,50.42,10000.0000,1200.0000,20061122,50.42,20061122,A,10000.0000,50.4200
061240458,1,4,16086621,ECKERT ROBERT ANDREW,VAR,A,20061124,36.70,20000.0000,,20061127,36.70,20061124,,20000.0000,36.7000
061240458,2,4,16086621,ECKERT ROBERT ANDREW,VAR,D,20061124,49.78,800.0000,,20061127,49.78,20061124,A,800.0000,49.7800
061240458,3,4,16086621,ECKERT ROBERT ANDREW,VAR,D,20061124,49.48,19200.0000,3000.0000,20061127,49.48,20061124,A,19200.0000,49.4800
061255668,1,4,12200183,LEVY RICHARD M,VAR,A,20061201,13.95,50000.0000,,20061204,13.95,20061201,,50000.0000,13.9531
061255668,2,4,12200183,LEVY RICHARD M,VAR,D,20061201,49.20,50000.0000,0.0000,20061204,49.20,20061201,A,50000.0000,49.2013
061255668,3,4,12200183,LEVY RICHARD M,VAR,,20061204,,,329413.0000,20061204,,20061204,,,
061258657,1,4,14016189,FINNEY ELISHA W,VAR,A,20061204,13.95,8000.0000,,20061205,13.95,20061204,,8000.0000,13.9500
061258657,2,4,14016189,FINNEY ELISHA W,VAR,D,20061204,50.00,8000.0000,4325.0000,20061205,50.00,20061204,A,8000.0000,50.0000
061258657,3,4,14016189,FINNEY ELISHA W,VAR,,20061205,,,31371.0000,20061205,,20061205,,,
06514588,1,4,14016189,FINNEY ELISHA W,VAR,A,20060103,13.95,8000.0000,,20060105,13.95,20060103,,8000.0000,13.9500
06514588,2,4,14016189,FINNEY ELISHA W,VAR,D,20050103,50.12,8000.0000,,20060105,50.12,20050103,N,8000.0000,50.1200
06514588,3,4,14016189,FINNEY ELISHA W,VAR,D,20060103,50.23,2000.0000,22011.0000,20060105,50.23,20060103,A,2000.0000,50.2300
06514588,4,4,14016189,FINNEY ELISHA W,VAR,,20060105,,,23176.0000,20060105,,20060105,,,
06514592,1,4,15008750,KLUGE ROBERT H,VAR,A,20060103,13.95,20000.0000,,20060105,13.95,20060103,,20000.0000,13.9500
06514592,2,4,15008750,KLUGE ROBERT H,VAR,D,20060103,50.08,20000.0000,55749.0000,20060105,50.08,20060103,A,20000.0000,50.0800
06514596,1,4,16004552,RAIMUNDO CRISANTO C,VAR,A,20060103,13.95,6000.0000,,20060105,13.95,20060103,,6000.0000,13.9500
06514596,2,4,16004552,RAIMUNDO CRISANTO C,VAR,D,20060103,50.13,6000.0000,4543.0000,20060105,50.13,20060103,A,6000.0000,50.1300
06514596,3,4,16004552,RAIMUNDO CRISANTO C,VAR,,20060105,,,7344.0000,20060105,,20060105,,,
06515793,1,4,12200183,LEVY RICHARD M,VAR,A,20060105,4.58,180000.0000,,20060106,4.58,20060105,,180000.0000,4.5800
06515793,2,4,12200183,LEVY RICHARD M,VAR,D,20060105,49.12,180000.0000,748.0000,20060106,49.12,20060105,A,180000.0000,49.1200
06515793,3,4,12200183,LEVY RICHARD M,VAR,,20060106,,,338032.0000,20060106,,20060106,,,
06567451,1,4,6756,HELLMAN SAMUEL,VAR,A,20060130,21.50,3258.0000,,20060131,21.50,20060130,,3258.0000,21.5000
06567451,2,4,6756,HELLMAN SAMUEL,VAR,A,20060130,25.02,6742.0000,,20060131,25.02,20060130,,6742.0000,25.0200
06567451,3,4,6756,HELLMAN SAMUEL,VAR,D,20060130,59.67,10000.0000,5740.0000,20060131,59.67,20060130,A,10000.0000,59.6700
06573275,1,4,14016189,FINNEY ELISHA W,VAR,A,20060201,13.95,8000.0000,,20060202,13.95,20060201,,8000.0000,13.9500
06573275,2,4,14016189,FINNEY ELISHA W,VAR,D,20060201,60.00,8000.0000,,20060202,60.00,20060201,A,8000.0000,60.0000
06573275,3,4,14016189,FINNEY ELISHA W,VAR,D,20060201,60.00,2000.0000,20011.0000,20060202,60.00,20060201,N,2000.0000,60.0000
06573275,4,4,14016189,FINNEY ELISHA W,VAR,,20060201,,,23176.0000,20060202,,20060201,,,
06573294,1,4,6113,GUERTIN TIMOTHY E,VAR,A,20060201,13.95,35000.0000,,20060202,13.95,20060201,,35000.0000,13.9500
06573294,2,4,6113,GUERTIN TIMOTHY E,VAR,D,20060201,60.00,35000.0000,65740.0000,20060202,60.00,20060201,A,35000.0000,60.0000
06573337,1,4,16004552,RAIMUNDO CRISANTO C,VAR,A,20060201,13.95,6000.0000,,20060202,13.95,20060201,,6000.0000,13.9500
06573337,2,4,16004552,RAIMUNDO CRISANTO C,VAR,D,20060201,60.00,6000.0000,4543.0000,20060202,60.00,20060201,A,6000.0000,60.0000
06573337,3,4,16004552,RAIMUNDO CRISANTO C,VAR,,20060202,,,7344.0000,20060202,,20060202,,,
06592927,1,4,16142519,WILSON DOW R,VAR,A,20060208,40.57,5555.0000,,20060209,40.57,20060208,,5555.0000,40.5700
06592927,2,4,16142519,WILSON DOW R,VAR,D,20060208,59.29,5555.0000,44368.0000,20060209,59.29,20060208,A,5555.0000,59.2900
06592940,1,4,6756,HELLMAN SAMUEL,VAR,A,20060208,25.02,10000.0000,,20060209,25.02,20060208,,10000.0000,25.0200
06592940,2,4,6756,HELLMAN SAMUEL,VAR,D,20060208,59.27,10000.0000,5740.0000,20060209,59.27,20060208,A,10000.0000,59.2700
06635278,1,4,12549034,MARTIN DAVID WILLIAM JR,VAR,A,20060217,4.58,13108.0000,,20060222,4.58,20060217,,13108.0000,4.5800
06635278,2,4,12549034,MARTIN DAVID WILLIAM JR,VAR,A,20060217,5.50,21820.0000,,20060222,5.50,20060217,,21820.0000,5.5000
06635278,3,4,12549034,MARTIN DAVID WILLIAM JR,VAR,A,20060217,10.27,5072.0000,,20060222,10.27,20060217,,5072.0000,10.2700
06635278,4,4,12549034,MARTIN DAVID WILLIAM JR,VAR,D,20060217,60.00,36500.0000,7540.0000,20060222,60.00,20060217,A,36500.0000,60.0000
06661397,1,4,14016189,FINNEY ELISHA W,VAR,A,20060301,13.95,8000.0000,,20060302,13.95,20060301,,8000.0000,13.9500
06661397,2,4,14016189,FINNEY ELISHA W,VAR,D,20060301,58.23,8000.0000,,20060302,58.23,20060301,A,8000.0000,58.2300
06661397,3,4,14016189,FINNEY ELISHA W,VAR,D,20060301,58.23,2000.0000,18011.0000,20060302,58.23,20060301,N,2000.0000,58.2300
06661397,4,4,14016189,FINNEY ELISHA W,VAR,,20060301,,,23176.0000,20060302,,20060301,,,
06661416,1,4,12200183,LEVY RICHARD M,VAR,A,20060301,4.58,120000.0000,,20060302,4.58,20060301,,120000.0000,4.5800
06661416,2,4,12200183,LEVY RICHARD M,VAR,D,20060301,58.22,120000.0000,,20060302,58.22,20060301,A,120000.0000,58.2200
06661416,3,4,12200183,LEVY RICHARD M,VAR,,20060302,,,338780.0000,20060302,,20060302,,,
06661427,1,4,16004552,RAIMUNDO CRISANTO C,VAR,A,20060301,13.95,8000.0000,,20060302,13.95,20060301,,8000.0000,13.9500
06661427,2,4,16004552,RAIMUNDO CRISANTO C,VAR,D,20060301,58.57,8000.0000,4543.0000,20060302,58.57,20060301,A,8000.0000,58.5700
06661427,3,4,16004552,RAIMUNDO CRISANTO C,VAR,,20060301,,,7344.0000,20060302,,20060301,,,
06740165,1,4,14016189,FINNEY ELISHA W,VAR,A,20060403,13.95,8000.0000,,20060404,13.95,20060403,,8000.0000,13.9500
06740165,2,4,14016189,FINNEY ELISHA W,VAR,D,20060403,56.07,8000.0000,,20060404,56.07,20060403,A,8000.0000,56.0700
06740165,3,4,14016189,FINNEY ELISHA W,VAR,D,20060403,56.04,2000.0000,8100.0000,20060404,56.04,20060403,N,2000.0000,56.0400
06740165,4,4,14016189,FINNEY ELISHA W,VAR,,20060404,,,31371.0000,20060404,,20060404,,,
06740191,1,4,15008750,KLUGE ROBERT H,VAR,A,20060403,13.95,20000.0000,,20060404,13.95,20060403,,20000.0000,13.9500
06740191,2,4,15008750,KLUGE ROBERT H,VAR,D,20060403,56.04,20000.0000,56261.0000,20060404,56.04,20060403,A,20000.0000,56.0400
06740197,1,4,16004552,RAIMUNDO CRISANTO C,VAR,A,20060403,13.95,8000.0000,,20060404,13.95,20060403,,8000.0000,13.9500
06740197,2,4,16004552,RAIMUNDO CRISANTO C,VAR,D,20060403,56.04,8000.0000,4914.0000,20060404,56.04,20060403,A,8000.0000,56.0400
06740197,3,4,16004552,RAIMUNDO CRISANTO C,VAR,,20060404,,,7344.0000,20060404,,20060404,,,
06740207,1,4,16142519,WILSON DOW R,VAR,A,20060403,40.57,1234.0000,,20060404,40.57,20060403,,1234.0000,40.5700
06740207,2,4,16142519,WILSON DOW R,VAR,D,20060403,56.05,1234.0000,44368.0000,20060404,56.05,20060403,A,1234.0000,56.0500
06802746,1,4,14016189,FINNEY ELISHA W,VAR,A,20060501,13.95,8000.0000,,20060503,13.95,20060501,,8000.0000,13.9500
06802746,2,4,14016189,FINNEY ELISHA W,VAR,D,20060501,52.13,8000.0000,,20060503,52.13,20060501,A,8000.0000,52.1300
06802746,3,4,14016189,FINNEY ELISHA W,VAR,D,20060501,52.13,2000.0000,6100.0000,20060503,52.13,20060501,N,2000.0000,52.1300
06802746,4,4,14016189,FINNEY ELISHA W,VAR,,20060502,,,31371.0000,20060503,,20060502,,,
06802763,1,4,6113,GUERTIN TIMOTHY E,VAR,A,20060501,13.95,35000.0000,,20060503,13.95,20060501,,35000.0000,13.9500
06802763,2,4,6113,GUERTIN TIMOTHY E,VAR,D,20060501,52.15,35000.0000,1742.0000,20060503,52.15,20060501,A,35000.0000,52.1500
06802763,3,4,6113,GUERTIN TIMOTHY E,VAR,,20060502,,,64164.0000,20060503,,20060502,,,
06802774,1,4,16004552,RAIMUNDO CRISANTO C,VAR,A,20060501,13.95,6000.0000,,20060503,13.95,20060501,,6000.0000,13.9500
06802774,2,4,16004552,RAIMUNDO CRISANTO C,VAR,D,20060501,52.15,6000.0000,4914.0000,20060503,52.15,20060501,A,6000.0000,52.1500
06802774,3,4,16004552,RAIMUNDO CRISANTO C,VAR,,20060502,,,7344.0000,20060503,,20060502,,,
06811860,1,4,12200183,LEVY RICHARD M,VAR,D,20060504,0.00,10000.0000,329413.0000,20060505,0.00,20060504,,10000.0000,0.0000
06820268,1,4,12218923,NAUMANN ETIENNE RUEDIGER,VAR,A,20060508,25.15,10000.0000,,20060509,25.15,20060508,,10000.0000,25.1500
06820268,2,4,12218923,NAUMANN ETIENNE RUEDIGER,VAR,D,20060508,51.81,8000.0000,9000.0000,20060509,51.81,20060508,A,8000.0000,51.8100
06882551,1,4,16004552,RAIMUNDO CRISANTO C,VAR,A,20060601,13.95,6000.0000,,20060602,13.95,20060601,,6000.0000,13.9500
06882551,2,4,16004552,RAIMUNDO CRISANTO C,VAR,D,20060601,47.53,6000.0000,4914.0000,20060602,47.53,20060601,A,6000.0000,47.5300
06882551,3,4,16004552,RAIMUNDO CRISANTO C,VAR,,20060602,,,7344.0000,20060602,,20060602,,,
06884332,1,4,14016189,FINNEY ELISHA W,VAR,A,20060601,13.95,8000.0000,,20060602,13.95,20060601,,8000.0000,13.9500
06884332,2,4,14016189,FINNEY ELISHA W,VAR,D,20060601,47.53,8000.0000,,20060602,47.53,20060601,A,8000.0000,47.5300
06884332,3,4,14016189,FINNEY ELISHA W,VAR,D,20060602,48.00,2000.0000,4100.0000,20060602,48.00,20060602,N,2000.0000,48.0000
06884332,4,4,14016189,FINNEY ELISHA W,VAR,,20060602,,,31371.0000,20060602,,20060602,,,
06947201,1,4,14016189,FINNEY ELISHA W,VAR,A,20060703,13.95,8000.0000,,20060706,13.95,20060703,,8000.0000,13.9500
06947201,2,4,14016189,FINNEY ELISHA W,VAR,D,20060703,47.56,8000.0000,4100.0000,20060706,47.56,20060703,A,8000.0000,47.5600
06947201,3,4,14016189,FINNEY ELISHA W,VAR,,20060706,,,31371.0000,20060706,,20060706,,,
06999287,1,4,6756,HELLMAN SAMUEL,VAR,A,20060731,25.02,8856.0000,,20060802,25.02,20060731,,8856.0000,25.0200
06999287,2,4,6756,HELLMAN SAMUEL,VAR,D,20060731,45.33,8856.0000,5740.0000,20060802,45.33,20060731,A,8856.0000,45.3300
071020763,1,4,12200183,LEVY RICHARD M,VAR,A,20070801,13.95,30000.0000,,20070802,13.95,20070801,,30000.0000,13.9531
071020763,2,4,12200183,LEVY RICHARD M,VAR,D,20070801,40.94,30000.0000,0.0000,20070802,40.94,20070801,A,30000.0000,40.9398
071020763,3,4,12200183,LEVY RICHARD M,VAR,D,20070801,0.00,5000.0000,274907.0000,20070802,0.00,20070801,,5000.0000,0.0000
071057487,1,4,16177446,CHEN TAI YUN,VAR,A,20070810,,8500.0000,12830.0000,20070814,,20070810,,8500.0000,
071057487,2,4,16177446,CHEN TAI YUN,VAR,,20070814,,,2853.4000,20070814,,20070814,,,
071057529,1,4,14016189,FINNEY ELISHA W,VAR,A,20070810,,22000.0000,26597.0000,20070814,,20070810,,22000.0000,
071057529,2,4,14016189,FINNEY ELISHA W,VAR,,20070814,,,31371.0000,20070814,,20070814,,,
071057542,1,4,15008750,KLUGE ROBERT H,VAR,A,20070810,,9000.0000,65801.0000,20070814,,20070810,,9000.0000,
071057552,1,4,16153328,KUO JOHN W,VAR,A,20070810,,12000.0000,19260.0000,20070814,,20070810,,12000.0000,
071057552,2,4,16153328,KUO JOHN W,VAR,,20070814,,,672.4970,20070814,,20070814,,,
071063614,1,4,12200183,LEVY RICHARD M,VAR,A,20070815,13.95,30000.0000,,20070816,13.95,20070815,,30000.0000,13.9531
071063614,2,4,12200183,LEVY RICHARD M,VAR,D,20070815,40.46,3000.0000,0.0000,20070816,40.46,20070815,A,3000.0000,40.4600
071063614,3,4,12200183,LEVY RICHARD M,VAR,D,20070815,40.48,2800.0000,0.0000,20070816,40.48,20070815,A,2800.0000,40.4800
071063614,4,4,12200183,LEVY RICHARD M,VAR,D,20070815,40.50,700.0000,0.0000,20070816,40.50,20070815,A,700.0000,40.5000
071063614,5,4,12200183,LEVY RICHARD M,VAR,D,20070815,40.51,2500.0000,0.0000,20070816,40.51,20070815,A,2500.0000,40.5100
071063614,6,4,12200183,LEVY RICHARD M,VAR,D,20070815,40.54,3000.0000,0.0000,20070816,40.54,20070815,A,3000.0000,40.5400
071063614,7,4,12200183,LEVY RICHARD M,VAR,D,20070815,40.55,2800.0000,0.0000,20070816,40.55,20070815,A,2800.0000,40.5500
071063614,8,4,12200183,LEVY RICHARD M,VAR,D,20070815,40.56,200.0000,0.0000,20070816,40.56,20070815,A,200.0000,40.5600
071063614,9,4,12200183,LEVY RICHARD M,VAR,D,20070815,40.60,2500.0000,0.0000,20070816,40.60,20070815,A,2500.0000,40.6000
071063614,10,4,12200183,LEVY RICHARD M,VAR,D,20070815,40.61,500.0000,0.0000,20070816,40.61,20070815,A,500.0000,40.6100
071063614,11,4,12200183,LEVY RICHARD M,VAR,D,20070815,40.62,300.0000,0.0000,20070816,40.62,20070815,A,300.0000,40.6200
071063614,12,4,12200183,LEVY RICHARD M,VAR,D,20070815,40.64,200.0000,0.0000,20070816,40.64,20070815,A,200.0000,40.6400
071063614,13,4,12200183,LEVY RICHARD M,VAR,D,20070815,40.67,700.0000,0.0000,20070816,40.67,20070815,A,700.0000,40.6700
071063614,14,4,12200183,LEVY RICHARD M,VAR,D,20070815,40.68,400.0000,0.0000,20070816,40.68,20070815,A,400.0000,40.6800
071063614,15,4,12200183,LEVY RICHARD M,VAR,D,20070815,40.72,700.0000,0.0000,20070816,40.72,20070815,A,700.0000,40.7200
071063614,16,4,12200183,LEVY RICHARD M,VAR,D,20070815,40.73,2100.0000,0.0000,20070816,40.73,20070815,A,2100.0000,40.7300
071063614,17,4,12200183,LEVY RICHARD M,VAR,D,20070815,40.76,500.0000,0.0000,20070816,40.76,20070815,A,500.0000,40.7600
071063614,18,4,12200183,LEVY RICHARD M,VAR,D,20070815,40.77,200.0000,0.0000,20070816,40.77,20070815,A,200.0000,40.7700
071063614,19,4,12200183,LEVY RICHARD M,VAR,D,20070815,40.80,3000.0000,0.0000,20070816,40.80,20070815,A,3000.0000,40.8000
071063614,20,4,12200183,LEVY RICHARD M,VAR,D,20070815,40.87,900.0000,0.0000,20070816,40.87,20070815,A,900.0000,40.8700
071063614,21,4,12200183,LEVY RICHARD M,VAR,D,20070815,40.97,1200.0000,0.0000,20070816,40.97,20070815,A,1200.0000,40.9700
071063614,22,4,12200183,LEVY RICHARD M,VAR,D,20070815,41.02,1500.0000,0.0000,20070816,41.02,20070815,A,1500.0000,41.0200
071063614,23,4,12200183,LEVY RICHARD M,VAR,D,20070815,41.03,300.0000,0.0000,20070816,41.03,20070815,A,300.0000,41.0300
071063614,24,4,12200183,LEVY RICHARD M,VAR,D,20070815,0.00,5000.0000,269907.0000,20070816,0.00,20070815,,5000.0000,0.0000
071100971,1,4,12200183,LEVY RICHARD M,VAR,A,20070904,13.95,30000.0000,,20070905,13.95,20070904,,30000.0000,13.9531
071100971,2,4,12200183,LEVY RICHARD M,VAR,D,20070904,40.25,3000.0000,0.0000,20070905,40.25,20070904,A,3000.0000,40.2500
071100971,3,4,12200183,LEVY RICHARD M,VAR,D,20070904,40.42,3000.0000,0.0000,20070905,40.42,20070904,A,3000.0000,40.4200
071100971,4,4,12200183,LEVY RICHARD M,VAR,D,20070904,40.53,1800.0000,0.0000,20070905,40.53,20070904,A,1800.0000,40.5300
071100971,5,4,12200183,LEVY RICHARD M,VAR,D,20070904,40.54,600.0000,0.0000,20070905,40.54,20070904,A,600.0000,40.5400
071100971,6,4,12200183,LEVY RICHARD M,VAR,D,20070904,40.55,100.0000,0.0000,20070905,40.55,20070904,A,100.0000,40.5500
071100971,7,4,12200183,LEVY RICHARD M,VAR,D,20070904,40.57,400.0000,0.0000,20070905,40.57,20070904,A,400.0000,40.5700
071100971,8,4,12200183,LEVY RICHARD M,VAR,D,20070904,40.58,100.0000,0.0000,20070905,40.58,20070904,A,100.0000,40.5800
071100971,9,4,12200183,LEVY RICHARD M,VAR,D,20070904,40.60,2400.0000,0.0000,20070905,40.60,20070904,A,2400.0000,40.6000
071100971,10,4,12200183,LEVY RICHARD M,VAR,D,20070904,40.61,200.0000,0.0000,20070905,40.61,20070904,A,200.0000,40.6100
071100971,11,4,12200183,LEVY RICHARD M,VAR,D,20070904,40.62,2300.0000,0.0000,20070905,40.62,20070904,A,2300.0000,40.6200
071100971,12,4,12200183,LEVY RICHARD M,VAR,D,20070904,40.63,2100.0000,0.0000,20070905,40.63,20070904,A,2100.0000,40.6300
071100971,13,4,12200183,LEVY RICHARD M,VAR,D,20070904,40.65,700.0000,0.0000,20070905,40.65,20070904,A,700.0000,40.6500
071100971,14,4,12200183,LEVY RICHARD M,VAR,D,20070904,40.66,6800.0000,0.0000,20070905,40.66,20070904,A,6800.0000,40.6600
071100971,15,4,12200183,LEVY RICHARD M,VAR,D,20070904,40.67,1300.0000,0.0000,20070905,40.67,20070904,A,1300.0000,40.6700
071100971,16,4,12200183,LEVY RICHARD M,VAR,D,20070904,40.68,2800.0000,0.0000,20070905,40.68,20070904,A,2800.0000,40.6800
071100971,17,4,12200183,LEVY RICHARD M,VAR,D,20070904,40.69,1700.0000,0.0000,20070905,40.69,20070904,A,1700.0000,40.6900
071100971,18,4,12200183,LEVY RICHARD M,VAR,D,20070904,40.70,600.0000,0.0000,20070905,40.70,20070904,A,600.0000,40.7000
071100971,19,4,12200183,LEVY RICHARD M,VAR,D,20070904,40.71,100.0000,0.0000,20070905,40.71,20070904,A,100.0000,40.7100
071100971,20,4,12200183,LEVY RICHARD M,VAR,,20070905,,,269907.0000,20070905,,20070905,,,
071127997,1,4,12200183,LEVY RICHARD M,VAR,A,20070920,13.95,4100.0000,,20070920,13.95,20070920,,4100.0000,13.9531
071127997,2,4,12200183,LEVY RICHARD M,VAR,D,20070920,40.00,4100.0000,0.0000,20070920,40.00,20070920,A,4100.0000,40.0000
071127997,3,4,12200183,LEVY RICHARD M,VAR,,20070920,,,269907.0000,20070920,,20070920,,,
071132463,1,4,12200183,LEVY RICHARD M,VAR,A,20070921,13.95,25900.0000,,20070924,13.95,20070921,,25900.0000,13.9531
071132463,2,4,12200183,LEVY RICHARD M,VAR,D,20070921,40.07,25900.0000,0.0000,20070924,40.07,20070921,A,25900.0000,40.0700
071132463,3,4,12200183,LEVY RICHARD M,VAR,,20070924,,,269907.0000,20070924,,20070924,,,
071151689,1,4,12200183,LEVY RICHARD M,VAR,A,20071001,13.95,30000.0000,,20071002,13.95,20071001,,30000.0000,13.9531
071151689,2,4,12200183,LEVY RICHARD M,VAR,D,20071001,42.00,500.0000,0.0000,20071002,42.00,20071001,A,500.0000,42.0000
071151689,3,4,12200183,LEVY RICHARD M,VAR,D,20071001,42.01,900.0000,0.0000,20071002,42.01,20071001,A,900.0000,42.0100
071151689,4,4,12200183,LEVY RICHARD M,VAR,D,20071001,42.02,1200.0000,0.0000,20071002,42.02,20071001,A,1200.0000,42.0200
071151689,5,4,12200183,LEVY RICHARD M,VAR,D,20071001,42.03,500.0000,0.0000,20071002,42.03,20071001,A,500.0000,42.0300
071151689,6,4,12200183,LEVY RICHARD M,VAR,D,20071001,42.04,600.0000,0.0000,20071002,42.04,20071001,A,600.0000,42.0400
071151689,7,4,12200183,LEVY RICHARD M,VAR,D,20071001,42.05,900.0000,0.0000,20071002,42.05,20071001,A,900.0000,42.0500
071151689,8,4,12200183,LEVY RICHARD M,VAR,D,20071001,42.06,1300.0000,0.0000,20071002,42.06,20071001,A,1300.0000,42.0600
071151689,9,4,12200183,LEVY RICHARD M,VAR,D,20071001,42.07,400.0000,0.0000,20071002,42.07,20071001,A,400.0000,42.0700
071151689,10,4,12200183,LEVY RICHARD M,VAR,D,20071001,42.08,2100.0000,0.0000,20071002,42.08,20071001,A,2100.0000,42.0800
071151689,11,4,12200183,LEVY RICHARD M,VAR,D,20071001,42.09,100.0000,0.0000,20071002,42.09,20071001,A,100.0000,42.0900
071151689,12,4,12200183,LEVY RICHARD M,VAR,D,20071001,42.10,5600.0000,0.0000,20071002,42.10,20071001,A,5600.0000,42.1000
071151689,13,4,12200183,LEVY RICHARD M,VAR,D,20071001,42.11,200.0000,0.0000,20071002,42.11,20071001,A,200.0000,42.1100
071151689,14,4,12200183,LEVY RICHARD M,VAR,D,20071001,42.12,200.0000,0.0000,20071002,42.12,20071001,A,200.0000,42.1200
071151689,15,4,12200183,LEVY RICHARD M,VAR,D,20071001,42.13,400.0000,0.0000,20071002,42.13,20071001,A,400.0000,42.1300
071151689,16,4,12200183,LEVY RICHARD M,VAR,D,20071001,42.17,100.0000,0.0000,20071002,42.17,20071001,A,100.0000,42.1700
071151689,17,4,12200183,LEVY RICHARD M,VAR,D,20071001,42.25,3000.0000,0.0000,20071002,42.25,20071001,A,3000.0000,42.2500
071151689,18,4,12200183,LEVY RICHARD M,VAR,D,20071001,42.40,3000.0000,0.0000,20071002,42.40,20071001,A,3000.0000,42.4000
071151689,19,4,12200183,LEVY RICHARD M,VAR,D,20071001,42.42,1000.0000,0.0000,20071002,42.42,20071001,A,1000.0000,42.4200
071151689,20,4,12200183,LEVY RICHARD M,VAR,D,20071001,42.46,1900.0000,0.0000,20071002,42.46,20071001,A,1900.0000,42.4600
071151689,21,4,12200183,LEVY RICHARD M,VAR,D,20071001,42.47,1400.0000,0.0000,20071002,42.47,20071001,A,1400.0000,42.4700
071151689,22,4,12200183,LEVY RICHARD M,VAR,D,20071001,42.48,400.0000,0.0000,20071002,42.48,20071001,A,400.0000,42.4800
071151689,23,4,12200183,LEVY RICHARD M,VAR,D,20071001,42.50,4300.0000,0.0000,20071002,42.50,20071001,A,4300.0000,42.5000
071151689,24,4,12200183,LEVY RICHARD M,VAR,,20071002,,,269907.0000,20071002,,20071002,,,
071151703,1,4,13145760,LICHTER ALLEN S,VAR,A,20071001,,2000.0000,,20071002,,20071001,,2000.0000,
071151703,2,4,13145760,LICHTER ALLEN S,VAR,A,20071001,,1000.0000,4200.0000,20071002,,20071001,,1000.0000,
071173931,1,4,12200183,LEVY RICHARD M,VAR,A,20071015,13.95,30000.0000,,20071016,13.95,20071015,,30000.0000,13.9531
071173931,2,4,12200183,LEVY RICHARD M,VAR,D,20071015,40.98,3200.0000,0.0000,20071016,40.98,20071015,A,3200.0000,40.9800
071173931,3,4,12200183,LEVY RICHARD M,VAR,D,20071015,41.06,2800.0000,0.0000,20071016,41.06,20071015,A,2800.0000,41.0600
071173931,4,4,12200183,LEVY RICHARD M,VAR,D,20071015,41.07,2000.0000,0.0000,20071016,41.07,20071015,A,2000.0000,41.0700
071173931,5,4,12200183,LEVY RICHARD M,VAR,D,20071015,41.08,7900.0000,0.0000,20071016,41.08,20071015,A,7900.0000,41.0800
071173931,6,4,12200183,LEVY RICHARD M,VAR,D,20071015,41.09,500.0000,0.0000,20071016,41.09,20071015,A,500.0000,41.0900
071173931,7,4,12200183,LEVY RICHARD M,VAR,D,20071015,41.10,300.0000,0.0000,20071016,41.10,20071015,A,300.0000,41.1000
071173931,8,4,12200183,LEVY RICHARD M,VAR,D,20071015,41.11,1800.0000,0.0000,20071016,41.11,20071015,A,1800.0000,41.1100
071173931,9,4,12200183,LEVY RICHARD M,VAR,D,20071015,41.12,2500.0000,0.0000,20071016,41.12,20071015,A,2500.0000,41.1200
071173931,10,4,12200183,LEVY RICHARD M,VAR,D,20071015,41.13,1500.0000,0.0000,20071016,41.13,20071015,A,1500.0000,41.1300
071173931,11,4,12200183,LEVY RICHARD M,VAR,D,20071015,41.15,700.0000,0.0000,20071016,41.15,20071015,A,700.0000,41.1500
071173931,12,4,12200183,LEVY RICHARD M,VAR,D,20071015,41.36,2500.0000,,20071016,41.36,20071015,A,2500.0000,41.3600
071173931,13,4,12200183,LEVY RICHARD M,VAR,D,20071015,41.45,1200.0000,,20071016,41.45,20071015,A,1200.0000,41.4500
071173931,14,4,12200183,LEVY RICHARD M,VAR,D,20071015,41.46,100.0000,,20071016,41.46,20071015,A,100.0000,41.4600
071173931,15,4,12200183,LEVY RICHARD M,VAR,D,20071015,41.50,500.0000,,20071016,41.50,20071015,A,500.0000,41.5000
071173931,16,4,12200183,LEVY RICHARD M,VAR,D,20071015,41.51,1500.0000,,20071016,41.51,20071015,A,1500.0000,41.5100
071173931,17,4,12200183,LEVY RICHARD M,VAR,D,20071015,41.91,1000.0000,,20071016,41.91,20071015,A,1000.0000,41.9100
071173931,18,4,12200183,LEVY RICHARD M,VAR,,20071015,,,269907.0000,20071016,,20071015,,,
071173931,19,4,12200183,LEVY RICHARD M,VAR,A,20071015,41.32,30000.0000,0.0000,20071016,,,,30000.0000,41.3200
071212157,1,4,12200183,LEVY RICHARD M,VAR,A,20071101,13.95,30000.0000,,20071102,13.95,20071101,,30000.0000,13.9531
071212157,2,4,12200183,LEVY RICHARD M,VAR,D,20071101,48.53,1300.0000,0.0000,20071102,48.53,20071101,A,1300.0000,48.5300
071212157,3,4,12200183,LEVY RICHARD M,VAR,D,20071101,48.54,200.0000,0.0000,20071102,48.54,20071101,A,200.0000,48.5400
071212157,4,4,12200183,LEVY RICHARD M,VAR,D,20071101,48.55,700.0000,0.0000,20071102,48.55,20071101,A,700.0000,48.5500
071212157,5,4,12200183,LEVY RICHARD M,VAR,D,20071101,48.58,1800.0000,0.0000,20071102,48.58,20071101,A,1800.0000,48.5800
071212157,6,4,12200183,LEVY RICHARD M,VAR,D,20071101,48.59,100.0000,0.0000,20071102,48.59,20071101,A,100.0000,48.5900
071212157,7,4,12200183,LEVY RICHARD M,VAR,D,20071101,48.60,3800.0000,0.0000,20071102,48.60,20071101,A,3800.0000,48.6000
071212157,8,4,12200183,LEVY RICHARD M,VAR,D,20071101,48.62,700.0000,0.0000,20071102,48.62,20071101,A,700.0000,48.6200
071212157,9,4,12200183,LEVY RICHARD M,VAR,D,20071101,48.65,3200.0000,0.0000,20071102,48.65,20071101,A,3200.0000,48.6500
071212157,10,4,12200183,LEVY RICHARD M,VAR,D,20071101,48.66,300.0000,0.0000,20071102,48.66,20071101,A,300.0000,48.6600
071212157,11,4,12200183,LEVY RICHARD M,VAR,D,20071101,48.67,1000.0000,0.0000,20071102,48.67,20071101,A,1000.0000,48.6700
071212157,12,4,12200183,LEVY RICHARD M,VAR,D,20071101,48.75,1000.0000,0.0000,20071102,48.75,20071101,A,1000.0000,48.7500
071212157,13,4,12200183,LEVY RICHARD M,VAR,D,20071101,48.78,500.0000,0.0000,20071102,48.78,20071101,A,500.0000,48.7800
071212157,14,4,12200183,LEVY RICHARD M,VAR,D,20071101,48.80,3900.0000,0.0000,20071102,48.80,20071101,A,3900.0000,48.8000
071212157,15,4,12200183,LEVY RICHARD M,VAR,D,20071101,48.82,100.0000,0.0000,20071102,48.82,20071101,A,100.0000,48.8200
071212157,16,4,12200183,LEVY RICHARD M,VAR,D,20071101,48.85,4200.0000,0.0000,20071102,48.85,20071101,A,4200.0000,48.8500
071212157,17,4,12200183,LEVY RICHARD M,VAR,D,20071101,48.88,700.0000,0.0000,20071102,48.88,20071101,A,700.0000,48.8800
071212157,18,4,12200183,LEVY RICHARD M,VAR,D,20071101,49.00,6500.0000,0.0000,20071102,49.00,20071101,A,6500.0000,49.0000
071212157,19,4,12200183,LEVY RICHARD M,VAR,,20071102,,,269907.0000,20071102,,20071102,,,
071254588,1,4,12200183,LEVY RICHARD M,VAR,A,20071115,13.95,30000.0000,,20071116,13.95,20071115,,30000.0000,13.9531
071254588,2,4,12200183,LEVY RICHARD M,VAR,D,20071115,48.52,3000.0000,,20071116,48.52,20071115,A,3000.0000,48.5200
071254588,3,4,12200183,LEVY RICHARD M,VAR,D,20071115,48.86,2900.0000,,20071116,48.86,20071115,A,2900.0000,48.8600
071254588,4,4,12200183,LEVY RICHARD M,VAR,D,20071115,48.87,100.0000,,20071116,48.87,20071115,A,100.0000,48.8700
071254588,5,4,12200183,LEVY RICHARD M,VAR,D,20071115,49.00,2100.0000,,20071116,49.00,20071115,A,2100.0000,49.0000
071254588,6,4,12200183,LEVY RICHARD M,VAR,D,20071115,49.01,500.0000,,20071116,49.01,20071115,A,500.0000,49.0100
071254588,7,4,12200183,LEVY RICHARD M,VAR,D,20071115,49.02,400.0000,,20071116,49.02,20071115,A,400.0000,49.0200
071254588,8,4,12200183,LEVY RICHARD M,VAR,D,20071115,49.05,3000.0000,,20071116,49.05,20071115,A,3000.0000,49.0500
071254588,9,4,12200183,LEVY RICHARD M,VAR,D,20071115,49.08,2600.0000,,20071116,49.08,20071115,A,2600.0000,49.0800
071254588,10,4,12200183,LEVY RICHARD M,VAR,D,20071115,49.09,3300.0000,,20071116,49.09,20071115,A,3300.0000,49.0900
071254588,11,4,12200183,LEVY RICHARD M,VAR,D,20071115,49.10,100.0000,,20071116,49.10,20071115,A,100.0000,49.1000
071254588,12,4,12200183,LEVY RICHARD M,VAR,D,20071115,49.14,2900.0000,,20071116,49.14,20071115,A,2900.0000,49.1400
071254588,13,4,12200183,LEVY RICHARD M,VAR,D,20071115,49.15,2300.0000,,20071116,49.15,20071115,A,2300.0000,49.1500
071254588,14,4,12200183,LEVY RICHARD M,VAR,D,20071115,49.18,600.0000,,20071116,49.18,20071115,A,600.0000,49.1800
071254588,15,4,12200183,LEVY RICHARD M,VAR,D,20071115,49.19,2400.0000,,20071116,49.19,20071115,A,2400.0000,49.1900
071254588,16,4,12200183,LEVY RICHARD M,VAR,D,20071115,49.21,800.0000,,20071116,49.21,20071115,A,800.0000,49.2100
071254588,17,4,12200183,LEVY RICHARD M,VAR,D,20071115,49.22,2300.0000,,20071116,49.22,20071115,A,2300.0000,49.2200
071254588,18,4,12200183,LEVY RICHARD M,VAR,D,20071115,49.26,700.0000,,20071116,49.26,20071115,A,700.0000,49.2600
071254588,19,4,12200183,LEVY RICHARD M,VAR,,20071116,,,269907.0000,20071116,,20071116,,,
071254588,20,4,12200183,LEVY RICHARD M,VAR,A,20071115,48.81,30000.0000,0.0000,20071116,,,,30000.0000,48.8100
071254596,1,4,14016189,FINNEY ELISHA W,VAR,A,20071115,17.95,6000.0000,,20071116,17.95,20071115,,6000.0000,17.9500
071254596,2,4,14016189,FINNEY ELISHA W,VAR,D,20071115,48.52,600.0000,,20071116,48.52,20071115,A,600.0000,48.5200
071254596,3,4,14016189,FINNEY ELISHA W,VAR,D,20071115,48.86,600.0000,,20071116,48.86,20071115,A,600.0000,48.8600
071254596,4,4,14016189,FINNEY ELISHA W,VAR,D,20071115,48.97,600.0000,,20071116,48.97,20071115,A,600.0000,48.9700
071254596,5,4,14016189,FINNEY ELISHA W,VAR,D,20071115,49.05,500.0000,,20071116,49.05,20071115,A,500.0000,49.0500
071254596,6,4,14016189,FINNEY ELISHA W,VAR,D,20071115,49.06,100.0000,,20071116,49.06,20071115,A,100.0000,49.0600
071254596,7,4,14016189,FINNEY ELISHA W,VAR,D,20071115,49.08,1200.0000,,20071116,49.08,20071115,A,1200.0000,49.0800
071254596,8,4,14016189,FINNEY ELISHA W,VAR,D,20071115,49.10,300.0000,,20071116,49.10,20071115,A,300.0000,49.1000
071254596,9,4,14016189,FINNEY ELISHA W,VAR,D,20071115,49.11,100.0000,,20071116,49.11,20071115,A,100.0000,49.1100
071254596,10,4,14016189,FINNEY ELISHA W,VAR,D,20071115,49.13,100.0000,,20071116,49.13,20071115,A,100.0000,49.1300
071254596,11,4,14016189,FINNEY ELISHA W,VAR,D,20071115,49.14,700.0000,,20071116,49.14,20071115,A,700.0000,49.1400
071254596,12,4,14016189,FINNEY ELISHA W,VAR,D,20071115,49.16,600.0000,,20071116,49.16,20071115,A,600.0000,49.1600
071254596,13,4,14016189,FINNEY ELISHA W,VAR,D,20071115,49.22,600.0000,26828.0000,20071116,49.22,20071115,A,600.0000,49.2200
071254596,14,4,14016189,FINNEY ELISHA W,VAR,,20071116,,,31371.0000,20071116,,20071116,,,
071254604,1,4,16153328,KUO JOHN W,VAR,A,20071115,24.61,2225.0000,,20071116,24.61,20071115,,2225.0000,24.6100
071254604,2,4,16153328,KUO JOHN W,VAR,D,20071115,49.00,2225.0000,19416.0000,20071116,49.00,20071115,A,2225.0000,49.0000
071254604,3,4,16153328,KUO JOHN W,VAR,,20071116,,,672.4970,20071116,,20071116,,,
071264890,1,4,16153328,KUO JOHN W,VAR,D,20071121,48.53,595.0000,18821.0000,20071123,48.53,20071121,N,595.0000,48.5300
071264890,2,4,16153328,KUO JOHN W,VAR,,20071121,,,672.4970,20071123,,20071121,,,
071264895,1,4,16086621,ECKERT ROBERT ANDREW,VAR,A,20071121,36.70,15000.0000,,20071123,36.70,20071121,,15000.0000,36.7000
071264895,2,4,16086621,ECKERT ROBERT ANDREW,VAR,D,20071121,49.06,1300.0000,,20071123,49.06,20071121,A,1300.0000,49.0600
071264895,3,4,16086621,ECKERT ROBERT ANDREW,VAR,D,20071121,49.07,100.0000,,20071123,49.07,20071121,A,100.0000,49.0700
071264895,4,4,16086621,ECKERT ROBERT ANDREW,VAR,D,20071121,49.08,2300.0000,,20071123,49.08,20071121,A,2300.0000,49.0800
071264895,5,4,16086621,ECKERT ROBERT ANDREW,VAR,D,20071121,49.09,4000.0000,,20071123,49.09,20071121,A,4000.0000,49.0900
071264895,6,4,16086621,ECKERT ROBERT ANDREW,VAR,D,20071121,49.11,500.0000,,20071123,49.11,20071121,A,500.0000,49.1100
071264895,7,4,16086621,ECKERT ROBERT ANDREW,VAR,D,20071121,49.13,2000.0000,,20071123,49.13,20071121,A,2000.0000,49.1300
071264895,8,4,16086621,ECKERT ROBERT ANDREW,VAR,D,20071121,49.20,600.0000,,20071123,49.20,20071121,A,600.0000,49.2000
071264895,9,4,16086621,ECKERT ROBERT ANDREW,VAR,D,20071121,49.21,800.0000,,20071123,49.21,20071121,A,800.0000,49.2100
071264895,10,4,16086621,ECKERT ROBERT ANDREW,VAR,D,20071121,49.22,600.0000,,20071123,49.22,20071121,A,600.0000,49.2200
071264895,11,4,16086621,ECKERT ROBERT ANDREW,VAR,D,20071121,49.23,600.0000,,20071123,49.23,20071121,A,600.0000,49.2300
071264895,12,4,16086621,ECKERT ROBERT ANDREW,VAR,D,20071121,49.24,900.0000,,20071123,49.24,20071121,A,900.0000,49.2400
071264895,13,4,16086621,ECKERT ROBERT ANDREW,VAR,D,20071121,49.25,900.0000,,20071123,49.25,20071121,A,900.0000,49.2500
071264895,14,4,16086621,ECKERT ROBERT ANDREW,VAR,D,20071121,49.27,200.0000,,20071123,49.27,20071121,A,200.0000,49.2700
071264895,15,4,16086621,ECKERT ROBERT ANDREW,VAR,D,20071121,49.28,200.0000,3000.0000,20071123,49.28,20071121,A,200.0000,49.2800
071264903,1,4,16177446,CHEN TAI YUN,VAR,D,20071121,48.53,416.0000,12673.0000,20071123,48.53,20071121,N,416.0000,48.5300
071264903,2,4,16177446,CHEN TAI YUN,VAR,,20071121,,,2853.4000,20071123,,20071121,,,
071272478,1,4,16177446,CHEN TAI YUN,VAR,A,20071127,32.10,5000.0000,,20071128,32.10,20071127,,5000.0000,32.0950
071272478,2,4,16177446,CHEN TAI YUN,VAR,D,20071127,50.00,5000.0000,12673.0000,20071128,50.00,20071127,A,5000.0000,50.0000
071272478,3,4,16177446,CHEN TAI YUN,VAR,,20071128,,,2853.4000,20071128,,20071128,,,
071272505,1,4,16153328,KUO JOHN W,VAR,A,20071127,32.10,7775.0000,,20071128,32.10,20071127,,7775.0000,32.0950
071272505,2,4,16153328,KUO JOHN W,VAR,D,20071127,50.00,7775.0000,18821.0000,20071128,50.00,20071127,A,7775.0000,50.0000
071272505,3,4,16153328,KUO JOHN W,VAR,,20071128,,,672.4970,20071128,,20071128,,,
071285134,1,4,12200183,LEVY RICHARD M,VAR,A,20071203,13.95,30000.0000,,20071204,13.95,20071203,,30000.0000,13.9531
071285134,2,4,12200183,LEVY RICHARD M,VAR,D,20071203,49.78,30000.0000,0.0000,20071204,49.78,20071203,A,30000.0000,49.7760
071285134,3,4,12200183,LEVY RICHARD M,VAR,,20071204,,,269907.0000,20071204,,20071204,,,
071285157,1,4,14016189,FINNEY ELISHA W,VAR,A,20071203,17.95,6000.0000,,20071204,17.95,20071203,,6000.0000,17.9500
071285157,2,4,14016189,FINNEY ELISHA W,VAR,D,20071203,49.52,500.0000,,20071204,49.52,20071203,A,500.0000,49.5200
071285157,3,4,14016189,FINNEY ELISHA W,VAR,D,20071203,49.53,100.0000,,20071204,49.53,20071203,A,100.0000,49.5300
071285157,4,4,14016189,FINNEY ELISHA W,VAR,D,20071203,49.65,600.0000,,20071204,49.65,20071203,A,600.0000,49.6500
071285157,5,4,14016189,FINNEY ELISHA W,VAR,D,20071203,49.74,300.0000,,20071204,49.74,20071203,A,300.0000,49.7400
071285157,6,4,14016189,FINNEY ELISHA W,VAR,D,20071203,49.76,300.0000,,20071204,49.76,20071203,A,300.0000,49.7600
071285157,7,4,14016189,FINNEY ELISHA W,VAR,D,20071203,49.77,100.0000,,20071204,49.77,20071203,A,100.0000,49.7700
071285157,8,4,14016189,FINNEY ELISHA W,VAR,D,20071203,49.78,500.0000,,20071204,49.78,20071203,A,500.0000,49.7800
071285157,9,4,14016189,FINNEY ELISHA W,VAR,D,20071203,49.84,100.0000,,20071204,49.84,20071203,A,100.0000,49.8400
071285157,10,4,14016189,FINNEY ELISHA W,VAR,D,20071203,49.85,800.0000,,20071204,49.85,20071203,A,800.0000,49.8500
071285157,11,4,14016189,FINNEY ELISHA W,VAR,D,20071203,49.86,200.0000,,20071204,49.86,20071203,A,200.0000,49.8600
071285157,12,4,14016189,FINNEY ELISHA W,VAR,D,20071203,49.87,100.0000,,20071204,49.87,20071203,A,100.0000,49.8700
071285157,13,4,14016189,FINNEY ELISHA W,VAR,D,20071203,49.88,600.0000,,20071204,49.88,20071203,A,600.0000,49.8800
071285157,14,4,14016189,FINNEY ELISHA W,VAR,D,20071203,49.91,600.0000,,20071204,49.91,20071203,A,600.0000,49.9100
071285157,15,4,14016189,FINNEY ELISHA W,VAR,D,20071203,49.98,400.0000,,20071204,49.98,20071203,A,400.0000,49.9800
071285157,16,4,14016189,FINNEY ELISHA W,VAR,D,20071203,49.99,200.0000,,20071204,49.99,20071203,A,200.0000,49.9900
071285157,17,4,14016189,FINNEY ELISHA W,VAR,D,20071203,50.12,400.0000,,20071204,50.12,20071203,A,400.0000,50.1200
071285157,18,4,14016189,FINNEY ELISHA W,VAR,D,20071203,50.13,200.0000,26828.0000,20071204,50.13,20071203,A,200.0000,50.1300
071285157,19,4,14016189,FINNEY ELISHA W,VAR,,20071204,,,31371.0000,20071204,,20071204,,,
071287973,1,4,6113,GUERTIN TIMOTHY E,VAR,A,20071204,13.95,50000.0000,,20071205,13.95,20071204,,50000.0000,13.9531
071287973,2,4,6113,GUERTIN TIMOTHY E,VAR,D,20071204,49.85,50000.0000,5805.0000,20071205,49.85,20071204,A,50000.0000,49.8451
071287973,3,4,6113,GUERTIN TIMOTHY E,VAR,,20071205,,,64164.0000,20071205,,20071205,,,
071314041,1,4,12200183,LEVY RICHARD M,VAR,A,20071217,13.95,30000.0000,,20071218,13.95,20071217,,30000.0000,13.9531
071314041,2,4,12200183,LEVY RICHARD M,VAR,D,20071217,51.59,1400.0000,,20071218,51.59,20071217,A,1400.0000,51.5900
071314041,3,4,12200183,LEVY RICHARD M,VAR,D,20071217,51.60,5400.0000,,20071218,51.60,20071217,A,5400.0000,51.6000
071314041,4,4,12200183,LEVY RICHARD M,VAR,D,20071217,51.61,1200.0000,,20071218,51.61,20071217,A,1200.0000,51.6100
071314041,5,4,12200183,LEVY RICHARD M,VAR,D,20071217,51.62,1300.0000,,20071218,51.62,20071217,A,1300.0000,51.6200
071314041,6,4,12200183,LEVY RICHARD M,VAR,D,20071217,51.63,4000.0000,,20071218,51.63,20071217,A,4000.0000,51.6300
071314041,7,4,12200183,LEVY RICHARD M,VAR,D,20071217,51.65,5200.0000,,20071218,51.65,20071217,A,5200.0000,51.6500
071314041,8,4,12200183,LEVY RICHARD M,VAR,D,20071217,51.66,500.0000,,20071218,51.66,20071217,A,500.0000,51.6600
071314041,9,4,12200183,LEVY RICHARD M,VAR,D,20071217,51.67,500.0000,,20071218,51.67,20071217,A,500.0000,51.6700
071314041,10,4,12200183,LEVY RICHARD M,VAR,D,20071217,51.70,400.0000,,20071218,51.70,20071217,A,400.0000,51.7000
071314041,11,4,12200183,LEVY RICHARD M,VAR,D,20071217,51.76,1000.0000,,20071218,51.76,20071217,A,1000.0000,51.7600
071314041,12,4,12200183,LEVY RICHARD M,VAR,D,20071217,51.82,3000.0000,,20071218,51.82,20071217,A,3000.0000,51.8200
071314041,13,4,12200183,LEVY RICHARD M,VAR,D,20071217,51.87,1500.0000,,20071218,51.87,20071217,A,1500.0000,51.8700
071314041,14,4,12200183,LEVY RICHARD M,VAR,D,20071217,51.88,1000.0000,,20071218,51.88,20071217,A,1000.0000,51.8800
071314041,15,4,12200183,LEVY RICHARD M,VAR,D,20071217,51.89,1600.0000,,20071218,51.89,20071217,A,1600.0000,51.8900
071314041,16,4,12200183,LEVY RICHARD M,VAR,D,20071217,51.92,1000.0000,,20071218,51.92,20071217,A,1000.0000,51.9200
071314041,17,4,12200183,LEVY RICHARD M,VAR,D,20071217,51.93,1000.0000,,20071218,51.93,20071217,A,1000.0000,51.9300
071314041,18,4,12200183,LEVY RICHARD M,VAR,,20071218,,,269907.0000,20071218,,20071218,,,
071314041,19,4,12200183,LEVY RICHARD M,VAR,A,20071217,51.90,30000.0000,0.0000,20071218,,,,30000.0000,51.9000
071314300,1,4,14016189,FINNEY ELISHA W,VAR,A,20071217,17.95,8000.0000,,20071218,17.95,20071217,,8000.0000,17.9500
071314300,2,4,14016189,FINNEY ELISHA W,VAR,D,20071217,52.00,8000.0000,26828.0000,20071218,52.00,20071217,A,8000.0000,52.0000
071314300,3,4,14016189,FINNEY ELISHA W,VAR,,20071218,,,31371.0000,20071218,,20071218,,,
071328843,1,4,15008750,KLUGE ROBERT H,VAR,A,20071224,13.95,5400.0000,,20071227,13.95,20071224,,5400.0000,13.9531
071328843,2,4,15008750,KLUGE ROBERT H,VAR,D,20071224,53.00,5400.0000,,20071227,53.00,20071224,A,5400.0000,53.0000
071328843,3,4,15008750,KLUGE ROBERT H,VAR,A,20071226,13.95,149600.0000,,20071227,13.95,20071226,,149600.0000,13.9531
071328843,4,4,15008750,KLUGE ROBERT H,VAR,D,20071226,53.00,149600.0000,,20071227,53.00,20071226,A,149600.0000,53.0000
071328843,5,4,15008750,KLUGE ROBERT H,VAR,A,20071226,17.95,36250.0000,,20071227,17.95,20071226,,36250.0000,17.9500
071328843,6,4,15008750,KLUGE ROBERT H,VAR,D,20071226,53.00,36250.0000,65884.0000,20071227,53.00,20071226,A,36250.0000,53.0000
07511182,1,4,12200183,LEVY RICHARD M,VAR,A,20070103,13.95,50000.0000,,20070104,13.95,20070103,,50000.0000,13.9531
07511182,2,4,12200183,LEVY RICHARD M,VAR,D,20070103,47.81,50000.0000,0.0000,20070104,47.81,20070103,A,50000.0000,47.8146
07511182,3,4,12200183,LEVY RICHARD M,VAR,,20070104,,,329413.0000,20070104,,20070104,,,
07557055,1,4,14016189,FINNEY ELISHA W,VAR,A,20070124,13.95,8000.0000,,20070126,13.95,20070124,,8000.0000,13.9500
07557055,2,4,14016189,FINNEY ELISHA W,VAR,D,20070124,50.00,8000.0000,4325.0000,20070126,50.00,20070124,A,8000.0000,50.0000
07557055,3,4,14016189,FINNEY ELISHA W,VAR,,20070125,,,31371.0000,20070126,,20070125,,,
07577073,1,4,12200183,LEVY RICHARD M,VAR,A,20070201,13.95,50000.0000,0.0000,20070202,13.95,20070201,,50000.0000,13.9531
07577073,2,4,12200183,LEVY RICHARD M,VAR,D,20070201,46.70,50000.0000,0.0000,20070202,46.70,20070201,A,50000.0000,46.7003
07577073,3,4,12200183,LEVY RICHARD M,VAR,,20070202,,0.0000,329413.0000,20070202,0.00,20070202,,0.0000,
07577139,1,4,6113,GUERTIN TIMOTHY E,VAR,A,20070201,13.95,50000.0000,,20070202,13.95,20070201,,50000.0000,13.9500
07577139,2,4,6113,GUERTIN TIMOTHY E,VAR,D,20070201,46.70,50000.0000,5396.0000,20070202,46.70,20070201,A,50000.0000,46.7000
07577139,3,4,6113,GUERTIN TIMOTHY E,VAR,,20070202,,,64164.0000,20070202,,20070202,,,
07628311,1,4,6756,HELLMAN SAMUEL,VAR,A,20070214,36.22,10000.0000,,20070215,36.22,20070214,,10000.0000,36.2200
07628311,2,4,6756,HELLMAN SAMUEL,VAR,D,20070214,49.00,10000.0000,5740.0000,20070215,49.00,20070214,A,10000.0000,49.0000
07630956,1,4,14016189,FINNEY ELISHA W,VAR,A,20070215,17.95,8000.0000,,20070216,17.95,20070215,,8000.0000,17.9500
07630956,2,4,14016189,FINNEY ELISHA W,VAR,D,20070215,50.00,8000.0000,4325.0000,20070216,50.00,20070215,A,8000.0000,50.0000
07630956,3,4,14016189,FINNEY ELISHA W,VAR,,20070216,,,31371.0000,20070216,,20070216,,,
07631020,1,4,13145760,LICHTER ALLEN S,VAR,A,20070215,25.15,6500.0000,,20070216,25.15,20070215,,6500.0000,25.1500
07631020,2,4,13145760,LICHTER ALLEN S,VAR,D,20070215,50.00,6500.0000,1200.0000,20070216,50.00,20070215,A,6500.0000,50.0000
07633132,1,4,6756,HELLMAN SAMUEL,VAR,A,20070215,,2000.0000,7740.0000,20070216,,20070215,,2000.0000,
07668822,1,4,12200183,LEVY RICHARD M,VAR,A,20070301,13.95,30000.0000,,20070302,13.95,20070301,,30000.0000,13.9531
07668822,2,4,12200183,LEVY RICHARD M,VAR,D,20070301,45.59,30000.0000,0.0000,20070302,45.59,20070301,A,30000.0000,45.5923
07668822,3,4,12200183,LEVY RICHARD M,VAR,D,20070301,0.00,5000.0000,324413.0000,20070302,0.00,20070301,,5000.0000,0.0000
07699499,1,4,12200183,LEVY RICHARD M,VAR,A,20070315,13.95,30000.0000,0.0000,20070316,13.95,20070315,,30000.0000,13.9531
07699499,2,4,12200183,LEVY RICHARD M,VAR,D,20070315,47.54,30000.0000,0.0000,20070316,47.54,20070315,A,30000.0000,47.5418
07699499,3,4,12200183,LEVY RICHARD M,VAR,D,20070315,0.00,5000.0000,319413.0000,20070316,0.00,20070315,,5000.0000,0.0000
07745862,1,4,12200183,LEVY RICHARD M,VAR,A,20070402,13.95,30000.0000,,20070403,13.95,20070402,,30000.0000,13.9531
07745862,2,4,12200183,LEVY RICHARD M,VAR,D,20070402,47.35,30000.0000,494.0000,20070403,47.35,20070402,A,30000.0000,47.3541
07745862,3,4,12200183,LEVY RICHARD M,VAR,D,20070402,0.00,5000.0000,314413.0000,20070403,0.00,20070402,,5000.0000,0.0000
07772071,1,4,12200183,LEVY RICHARD M,VAR,A,20070416,13.95,30000.0000,,20070417,13.95,20070416,,30000.0000,13.9531
07772071,2,4,12200183,LEVY RICHARD M,VAR,D,20070416,45.84,30000.0000,494.0000,20070417,45.84,20070416,A,30000.0000,45.8448
07772071,3,4,12200183,LEVY RICHARD M,VAR,D,20070416,0.00,5000.0000,309413.0000,20070417,0.00,20070416,,5000.0000,0.0000
07807814,1,4,13145760,LICHTER ALLEN S,VAR,A,20070430,25.15,7900.0000,,20070501,25.15,20070430,,7900.0000,25.1500
07807814,2,4,13145760,LICHTER ALLEN S,VAR,D,20070430,41.76,7900.0000,1200.0000,20070501,41.76,20070430,A,7900.0000,41.7600
07812249,1,4,12200183,LEVY RICHARD M,VAR,A,20070501,13.95,30000.0000,,20070502,13.95,20070501,,30000.0000,13.9531
07812249,2,4,12200183,LEVY RICHARD M,VAR,D,20070501,42.22,30000.0000,494.0000,20070502,42.22,20070501,A,30000.0000,42.2192
07812249,3,4,12200183,LEVY RICHARD M,VAR,D,20070501,0.00,5000.0000,304413.0000,20070502,0.00,20070501,,5000.0000,0.0000
07812268,1,4,6113,GUERTIN TIMOTHY E,VAR,A,20070501,13.95,50000.0000,,20070502,13.95,20070501,,50000.0000,13.9500
07812268,2,4,6113,GUERTIN TIMOTHY E,VAR,D,20070501,42.22,50000.0000,5580.0000,20070502,42.22,20070501,A,50000.0000,42.2200
07812268,3,4,6113,GUERTIN TIMOTHY E,VAR,,20070502,,,64164.0000,20070502,,20070502,,,
07859197,1,4,12200183,LEVY RICHARD M,VAR,A,20070515,13.95,30000.0000,,20070516,13.95,20070515,,30000.0000,13.9531
07859197,2,4,12200183,LEVY RICHARD M,VAR,D,20070515,41.47,30000.0000,494.0000,20070516,41.47,20070515,A,30000.0000,41.4662
07859197,3,4,12200183,LEVY RICHARD M,VAR,D,20070515,0.00,5000.0000,299413.0000,20070516,0.00,20070515,,5000.0000,0.0000
07899188,1,4,12200183,LEVY RICHARD M,VAR,A,20070601,13.95,30000.0000,,20070604,13.95,20070601,,30000.0000,13.9531
07899188,2,4,12200183,LEVY RICHARD M,VAR,D,20070601,40.00,6500.0000,0.0000,20070604,40.00,20070601,A,6500.0000,40.0000
07899188,3,4,12200183,LEVY RICHARD M,VAR,D,20070601,40.01,1400.0000,0.0000,20070604,40.01,20070601,A,1400.0000,40.0100
07899188,4,4,12200183,LEVY RICHARD M,VAR,D,20070601,40.02,1800.0000,0.0000,20070604,40.02,20070601,A,1800.0000,40.0200
07899188,5,4,12200183,LEVY RICHARD M,VAR,D,20070601,40.03,700.0000,0.0000,20070604,40.03,20070601,A,700.0000,40.0300
07899188,6,4,12200183,LEVY RICHARD M,VAR,D,20070601,40.04,800.0000,0.0000,20070604,40.04,20070601,A,800.0000,40.0400
07899188,7,4,12200183,LEVY RICHARD M,VAR,D,20070601,40.05,300.0000,0.0000,20070604,40.05,20070601,A,300.0000,40.0500
07899188,8,4,12200183,LEVY RICHARD M,VAR,D,20070601,40.06,500.0000,0.0000,20070604,40.06,20070601,A,500.0000,40.0600
07899188,9,4,12200183,LEVY RICHARD M,VAR,D,20070601,40.07,1400.0000,0.0000,20070604,40.07,20070601,A,1400.0000,40.0700
07899188,10,4,12200183,LEVY RICHARD M,VAR,D,20070601,40.08,1400.0000,0.0000,20070604,40.08,20070601,A,1400.0000,40.0800
07899188,11,4,12200183,LEVY RICHARD M,VAR,D,20070601,40.09,1400.0000,0.0000,20070604,40.09,20070601,A,1400.0000,40.0900
07899188,12,4,12200183,LEVY RICHARD M,VAR,D,20070601,40.10,2100.0000,0.0000,20070604,40.10,20070601,A,2100.0000,40.1000
07899188,13,4,12200183,LEVY RICHARD M,VAR,D,20070601,40.11,700.0000,0.0000,20070604,40.11,20070601,A,700.0000,40.1100
07899188,14,4,12200183,LEVY RICHARD M,VAR,D,20070601,40.12,400.0000,0.0000,20070604,40.12,20070601,A,400.0000,40.1200
07899188,15,4,12200183,LEVY RICHARD M,VAR,D,20070601,40.14,800.0000,0.0000,20070604,40.14,20070601,A,800.0000,40.1400
07899188,16,4,12200183,LEVY RICHARD M,VAR,D,20070601,40.15,2300.0000,0.0000,20070604,40.15,20070601,A,2300.0000,40.1500
07899188,17,4,12200183,LEVY RICHARD M,VAR,D,20070601,40.29,7500.0000,494.0000,20070604,40.29,20070601,A,7500.0000,40.2900
07899188,18,4,12200183,LEVY RICHARD M,VAR,D,20070601,0.00,5000.0000,294413.0000,20070604,0.00,20070601,,5000.0000,0.0000
07927009,1,4,12200183,LEVY RICHARD M,VAR,A,20070615,13.95,30000.0000,,20070618,13.95,20070615,,30000.0000,13.9531
07927009,2,4,12200183,LEVY RICHARD M,VAR,D,20070615,40.83,30000.0000,494.0000,20070618,40.83,20070615,A,30000.0000,40.8281
07927009,3,4,12200183,LEVY RICHARD M,VAR,D,20070615,0.00,5000.0000,289413.0000,20070618,0.00,20070615,,5000.0000,0.0000
07960087,1,4,12200183,LEVY RICHARD M,VAR,A,20070702,13.95,30000.0000,,20070703,13.95,20070702,,30000.0000,13.9531
07960087,2,4,12200183,LEVY RICHARD M,VAR,D,20070702,42.86,30000.0000,494.0000,20070703,42.86,20070702,A,30000.0000,42.8616
07960087,3,4,12200183,LEVY RICHARD M,VAR,D,20070702,0.00,5000.0000,284413.0000,20070703,0.00,20070702,,5000.0000,0.0000
07985397,2,4,12200183,LEVY RICHARD M,VAR,D,20070716,44.49,30000.0000,494.0000,20070717,44.49,20070716,N,30000.0000,44.4923
07985397,3,4,12200183,LEVY RICHARD M,VAR,D,20070716,0.00,5000.0000,279413.0000,20070717,0.00,20070716,,5000.0000,0.0000
081003983,1,4,12211032,BOSTROM SUSAN L,VAR,A,20080807,41.45,30000.0000,,20080808,41.45,20080807,,30000.0000,41.4500
081003983,2,4,12211032,BOSTROM SUSAN L,VAR,D,20080807,62.39,30000.0000,750.0000,20080808,62.39,20080807,A,30000.0000,62.3932
081003990,1,4,12549034,MARTIN DAVID WILLIAM JR,VAR,A,20080807,10.27,14928.0000,,20080808,10.27,20080807,,14928.0000,10.2657
081003990,2,4,12549034,MARTIN DAVID WILLIAM JR,VAR,A,20080807,11.02,10896.0000,,20080808,11.02,20080807,,10896.0000,11.0156
081003990,3,4,12549034,MARTIN DAVID WILLIAM JR,VAR,A,20080807,16.25,20000.0000,,20080808,16.25,20080807,,20000.0000,16.2475
081003990,4,4,12549034,MARTIN DAVID WILLIAM JR,VAR,A,20080807,15.51,7740.0000,,20080808,15.51,20080807,,7740.0000,15.5100
081003990,5,4,12549034,MARTIN DAVID WILLIAM JR,VAR,D,20080807,62.61,53564.0000,200.0000,20080808,62.61,20080807,A,53564.0000,62.6093
081003990,6,4,12549034,MARTIN DAVID WILLIAM JR,VAR,,20080808,,,7340.0000,20080808,,20080808,,,
081010860,1,4,16177446,CHEN TAI YUN,VAR,D,20080808,63.90,455.0000,15893.0000,20080812,63.90,20080810,N,455.0000,63.9000
081010860,2,4,16177446,CHEN TAI YUN,VAR,,20080812,,,3022.1700,20080812,,20080812,,,
081010884,1,4,14016189,FINNEY ELISHA W,VAR,D,20080808,63.90,1509.0000,33629.0000,20080812,63.90,20080810,N,1509.0000,63.9000
081010884,2,4,14016189,FINNEY ELISHA W,VAR,,20080812,,,31371.0000,20080812,,20080812,,,
